<?xml version="1.0" encoding="UTF-8"?>
<collection xmlns="http://www.loc.gov/MARC21/slim"
            xmlns:xsi="http://www.w3.org/2001/XMLSchema-instance"
            xmlns:marc="http://www.loc.gov/MARC21/slim"
            xmlns:oai="http://www.openarchives.org/OAI/2.0/"
            xsi:schemaLocation="http://www.loc.gov/MARC21/slim http://www.loc.gov/standards/marcxml/schema/MARC21slim.xsd">
  
  <record xsi:schemaLocation="http://www.loc.gov/MARC21/slim http://www.loc.gov/standards/marcxml/schema/MARC21slim.xsd">
      <leader>00000cam a22006134a 4500</leader>
      <controlfield tag="FMT">BK</controlfield>
      <controlfield tag="LDR">00000cam a22006134a 4500</controlfield>
      <controlfield tag="001">001052214</controlfield>
      <controlfield tag="003">OCoLC</controlfield>
      <controlfield tag="005">20170908112029.0</controlfield>
      <controlfield tag="008">031020s2003    inua     b    011 0 eng</controlfield>
      <datafield tag="010" ind1=" " ind2=" ">
         <subfield code="a">2003023031</subfield>
      </datafield>
      <datafield tag="020" ind1=" " ind2=" ">
         <subfield code="a">1575060795</subfield>
         <subfield code="q">(cloth ;</subfield>
         <subfield code="q">alk. paper)</subfield>
      </datafield>
      <datafield tag="020" ind1=" " ind2=" ">
         <subfield code="a">9781575060798</subfield>
         <subfield code="q">(cloth ;</subfield>
         <subfield code="q">alk. paper)</subfield>
      </datafield>
      <datafield tag="035" ind1=" " ind2=" ">
         <subfield code="a">(OCoLC)53284960</subfield>
      </datafield>
      <datafield tag="040" ind1=" " ind2=" ">
         <subfield code="a">DLC</subfield>
         <subfield code="b">eng</subfield>
         <subfield code="c">DLC</subfield>
         <subfield code="d">BAKER</subfield>
         <subfield code="d">CVN</subfield>
         <subfield code="d">NLGGC</subfield>
         <subfield code="d">BTCTA</subfield>
         <subfield code="d">YDXCP</subfield>
         <subfield code="d">OCLCQ</subfield>
         <subfield code="d">OCLCF</subfield>
         <subfield code="d">OCLCQ</subfield>
         <subfield code="d">DEBBG</subfield>
         <subfield code="d">OCLCQ</subfield>
         <subfield code="d">ZYU</subfield>
      </datafield>
      <datafield tag="042" ind1=" " ind2=" ">
         <subfield code="a">pcc</subfield>
      </datafield>
      <datafield tag="043" ind1=" " ind2=" ">
         <subfield code="a">a-tu---</subfield>
      </datafield>
      <datafield tag="050" ind1="0" ind2="0">
         <subfield code="a">DS66</subfield>
         <subfield code="b">.H548 2003</subfield>
      </datafield>
      <datafield tag="079" ind1=" " ind2=" ">
         <subfield code="a">(OCoLC)53284960</subfield>
      </datafield>
      <datafield tag="082" ind1="0" ind2="0">
         <subfield code="a">939/.2</subfield>
         <subfield code="2">22</subfield>
      </datafield>
      <datafield tag="084" ind1=" " ind2=" ">
         <subfield code="a">15.51</subfield>
         <subfield code="2">bcl</subfield>
      </datafield>
      <datafield tag="084" ind1=" " ind2=" ">
         <subfield code="a">18.68</subfield>
         <subfield code="2">bcl</subfield>
      </datafield>
      <datafield tag="084" ind1=" " ind2=" ">
         <subfield code="a">EL 7600</subfield>
         <subfield code="2">rvk</subfield>
      </datafield>
      <datafield tag="245" ind1="0" ind2="0">
         <subfield code="a">Hittite studies in honor of Harry A. Hoffner Jr. :</subfield>
         <subfield code="b">on the occasion of his 65th birthday /</subfield>
         <subfield code="c">edited by Gary Beckman, Richard Beal, and Gregory McMahon.</subfield>
      </datafield>
      <datafield tag="260" ind1=" " ind2=" ">
         <subfield code="a">Winona Lake, Ind. :</subfield>
         <subfield code="b">Eisenbrauns,</subfield>
         <subfield code="c">2003.</subfield>
      </datafield>
      <datafield tag="300" ind1=" " ind2=" ">
         <subfield code="a">xxiii, 406 pages :</subfield>
         <subfield code="b">illustrations ;</subfield>
         <subfield code="c">23 cm</subfield>
      </datafield>
      <datafield tag="336" ind1=" " ind2=" ">
         <subfield code="a">text</subfield>
         <subfield code="b">txt</subfield>
         <subfield code="2">rdacontent</subfield>
      </datafield>
      <datafield tag="337" ind1=" " ind2=" ">
         <subfield code="a">unmediated</subfield>
         <subfield code="b">n</subfield>
         <subfield code="2">rdamedia</subfield>
      </datafield>
      <datafield tag="338" ind1=" " ind2=" ">
         <subfield code="a">volume</subfield>
         <subfield code="b">nc</subfield>
         <subfield code="2">rdacarrier</subfield>
      </datafield>
      <datafield tag="504" ind1=" " ind2=" ">
         <subfield code="a">Includes bibliographical references (pages xiii-xxiii) and indexes.</subfield>
      </datafield>
      <datafield tag="505" ind1="0" ind2="0">
         <subfield code="t">A complete bibliography of Harry A. Hoffner Jr., 1963-2003 /</subfield>
         <subfield code="r">compiled by Hripsime Haroutunian --</subfield>
         <subfield code="t">Middle Hittite : "Middle Kingdom" /</subfield>
         <subfield code="r">Alfonso Archi --</subfield>
         <subfield code="t">The Predecessors of Ḫattušili I /</subfield>
         <subfield code="r">Richard H. Beal --</subfield>
         <subfield code="t">Gilgamesh in Ḫatti /</subfield>
         <subfield code="r">Gary Beckman --</subfield>
         <subfield code="t">Relations between Hatti and Ahhiyawa in the Last Decades of the Bronze Age /</subfield>
         <subfield code="r">Trevor Bryce --</subfield>
         <subfield code="t">On the Trail of the Deer : Hittite kūrala- /</subfield>
         <subfield code="r">Billie Jean Collins --</subfield>
         <subfield code="t">Le cariche d'oro /</subfield>
         <subfield code="r">Franca Pecchioli Daddi --</subfield>
         <subfield code="t">Enkel des Königs, aber kein Prinz! /</subfield>
         <subfield code="r">Ali M. Dinçol and Belkis Dinçol --</subfield>
         <subfield code="t">De la confrontation à l'entente cordiale: les relations assyro-hittites à la fin de l'âge du Bronze (ca. 1250/1180 av. J.C.) /</subfield>
         <subfield code="r">J. Freu --</subfield>
         <subfield code="t">The Upper Land, mātum elītum /</subfield>
         <subfield code="r">O.R. Gurney --</subfield>
         <subfield code="t">Bull Jumping in a Hittite Text? /</subfield>
         <subfield code="r">Hans G. Güterbock --</subfield>
         <subfield code="t">Betrachtungen zur Traditionsgeschichte hethitischer Rituale am Beispiel des "Sündenbock"-Motivs /</subfield>
         <subfield code="r">Volkert Haas --</subfield>
      </datafield>
      <datafield tag="505" ind1="0" ind2="0">
         <subfield code="9"/>
         <subfield code="t">Zur sachlichen Zuständigkeit des Königsgerichts (DI.KUD LUGAL) in der hethitischen Rechtssatzung /</subfield>
         <subfield code="r">Richard Haase --</subfield>
         <subfield code="t">The Hittite Ritual Against a Curse (CTH 429) /</subfield>
         <subfield code="r">Hripsime S. Haroutunian --</subfield>
         <subfield code="t">The Storm-God Seal of Mursili III /</subfield>
         <subfield code="r">J. D. Hawkins --</subfield>
         <subfield code="t">Studies in the Hittite Phraseological Construction I : Its Syntactic and Semantic Properties /</subfield>
         <subfield code="r">Theo van den Hout --</subfield>
         <subfield code="t">A New Look at the Outline Tablets of the AN.TAḪ.ŠUMSAR Festival : The Text-copy VS NF 12.1 /</subfield>
         <subfield code="r">Philo H. J. Houwink ten Cate --</subfield>
         <subfield code="t">Why Did the Hittites Have a Thousand Deities? /</subfield>
         <subfield code="r">Cem Karasu --</subfield>
         <subfield code="t">Zur Paläographie akkadischsprachiger Texte aus Ḫattuša /</subfield>
         <subfield code="r">J. Klinger --</subfield>
         <subfield code="t">A Note on "The Tale of the Merchants" /</subfield>
         <subfield code="r">Silvin Košak --</subfield>
         <subfield code="t">More on the So-called "Puḫanu Chronicle" /</subfield>
         <subfield code="r">Stefano de Martino and Fiorella Imparati --</subfield>
         <subfield code="t">Cultural Boundaries in Hittite Ritual /</subfield>
         <subfield code="r">Gregory McMahon --</subfield>
         <subfield code="t">Hittite antaka- "loins" and an Overlooked Myth about Fire /</subfield>
         <subfield code="r">H. Craig Melchert --</subfield>
      </datafield>
      <datafield tag="505" ind1="0" ind2="0">
         <subfield code="9"/>
         <subfield code="t">On Some Clauses in the Kurunta Treaty and the Political Scenery at the End of the Hittite Empire /</subfield>
         <subfield code="r">Clelia Mora --</subfield>
         <subfield code="t">Die hurritischen Pronomina der hurritisch-hethitischen Bilingue aus Ḫattuša /</subfield>
         <subfield code="r">Erich Neu --</subfield>
         <subfield code="t">Hethitisch utēzzi "Nässe" und indogermanisch *wed- /</subfield>
         <subfield code="r">Norbert Oettinger --</subfield>
         <subfield code="t">Zur Topographie von Ḫattuša: Tempel auf Büyükkale /</subfield>
         <subfield code="r">Maciej Popko --</subfield>
         <subfield code="t">Of Loons and Legumes /</subfield>
         <subfield code="r">Jaan Puhvel --</subfield>
         <subfield code="t">Forcing Morals on Mesopotamian Society? /</subfield>
         <subfield code="r">Jack M. Sasson --</subfield>
         <subfield code="t">The Great Scribe Taki-Šarruma /</subfield>
         <subfield code="r">Itamar Singer --</subfield>
         <subfield code="t">A Practical Vocabulary from Ortaköy /</subfield>
         <subfield code="r">Aygül Süel and Oğuz Soysal --</subfield>
         <subfield code="t">Is Tutḫaliya's Sword Really Aegean? /</subfield>
         <subfield code="r">Piotr Taracha --</subfield>
         <subfield code="t">Word Play in Hittite Literature? /</subfield>
         <subfield code="r">Ahmet Ünal --</subfield>
         <subfield code="t">Hittite ku-ku-uš-zi, KUB 10.99 i 29 /</subfield>
         <subfield code="r">Calvert Watkins --</subfield>
         <subfield code="t">König Silber und König Ḫidam /</subfield>
         <subfield code="r">Gernot Wilhelm.</subfield>
      </datafield>
      <datafield tag="650" ind1=" " ind2="0">
         <subfield code="a">Hittites.</subfield>
      </datafield>
      <datafield tag="650" ind1=" " ind2="0">
         <subfield code="a">Hittite language.</subfield>
      </datafield>
      <datafield tag="651" ind1=" " ind2="0">
         <subfield code="a">Turkey</subfield>
         <subfield code="x">Antiquities.</subfield>
      </datafield>
      <datafield tag="650" ind1=" " ind2="7">
         <subfield code="a">Hittite language.</subfield>
         <subfield code="2">fast</subfield>
         <subfield code="0">(OCoLC)fst00958398</subfield>
      </datafield>
      <datafield tag="650" ind1=" " ind2="7">
         <subfield code="a">Hittites.</subfield>
         <subfield code="2">fast</subfield>
         <subfield code="0">(OCoLC)fst00958415</subfield>
      </datafield>
      <datafield tag="650" ind1="1" ind2="7">
         <subfield code="a">Hettieten.</subfield>
         <subfield code="2">gtt</subfield>
      </datafield>
      <datafield tag="650" ind1="1" ind2="7">
         <subfield code="a">Hettitisch.</subfield>
         <subfield code="2">gtt</subfield>
      </datafield>
      <datafield tag="700" ind1="1" ind2=" ">
         <subfield code="a">Hoffner, Harry A.</subfield>
      </datafield>
      <datafield tag="700" ind1="1" ind2=" ">
         <subfield code="a">Beckman, Gary M.</subfield>
      </datafield>
      <datafield tag="700" ind1="1" ind2=" ">
         <subfield code="a">Beal, Richard Henry,</subfield>
         <subfield code="d">1953-</subfield>
      </datafield>
      <datafield tag="700" ind1="1" ind2=" ">
         <subfield code="a">McMahon, John Gregory,</subfield>
         <subfield code="d">1953-</subfield>
      </datafield>
      <datafield tag="776" ind1="0" ind2="8">
         <subfield code="i">Online version:</subfield>
         <subfield code="t">Hittite studies in honor of Harry A. Hoffner Jr.</subfield>
         <subfield code="d">Winona Lake, Ind. : Eisenbrauns, 2003</subfield>
         <subfield code="w">(OCoLC)606341741</subfield>
      </datafield>
      <datafield tag="776" ind1="0" ind2="8">
         <subfield code="i">Online version:</subfield>
         <subfield code="t">Hittite studies in honor of Harry A. Hoffner Jr.</subfield>
         <subfield code="d">Winona Lake, Ind. : Eisenbrauns, 2003</subfield>
         <subfield code="w">(OCoLC)607029720</subfield>
      </datafield>
      <datafield tag="856" ind1="4" ind2="1">
         <subfield code="3">Table of contents</subfield>
         <subfield code="u">http://catdir.loc.gov/catdir/toc/ecip0410/2003023031.html</subfield>
      </datafield>
      <datafield tag="OWN" ind1=" " ind2=" ">
         <subfield code="a">GENERAL</subfield>
      </datafield>
      <datafield tag="AVA" ind1=" " ind2=" ">
         <subfield code="a">NYU50</subfield>
         <subfield code="b">BOBST</subfield>
         <subfield code="c">Main Collection</subfield>
         <subfield code="d">DS66 .H548 2003</subfield>
         <subfield code="e">unavailable</subfield>
         <subfield code="t">Unavailable</subfield>
         <subfield code="f">1</subfield>
         <subfield code="g">1</subfield>
         <subfield code="h">N</subfield>
         <subfield code="i">0</subfield>
         <subfield code="j">MAIN</subfield>
         <subfield code="k">0</subfield>
      </datafield>
      <datafield tag="AVA" ind1=" " ind2=" ">
         <subfield code="a">NYU50</subfield>
         <subfield code="b">NISAW</subfield>
         <subfield code="c">Small Collection</subfield>
         <subfield code="d">DS66 .H548 2003 Non-circulating</subfield>
         <subfield code="e">available</subfield>
         <subfield code="t">Available</subfield>
         <subfield code="f">1</subfield>
         <subfield code="g">0</subfield>
         <subfield code="h">N</subfield>
         <subfield code="i">0</subfield>
         <subfield code="j">SMALL</subfield>
         <subfield code="k">0</subfield>
      </datafield>
      <marc:datafield tag="852" ind1=" " ind2=" ">
         <marc:subfield code="b">Institute for the Study of the Ancient World, </marc:subfield>
         <marc:subfield code="c">Small Collection</marc:subfield>
         <marc:subfield code="e">15 East 84th St., </marc:subfield>
         <marc:subfield code="e">New York, NY  10028</marc:subfield>
      </marc:datafield>
   </record>