
  
  
  
  
  
  
  
  
  
 
  
  <record xsi:schemaLocation="http://www.loc.gov/MARC21/slim http://www.loc.gov/standards/marcxml/schema/MARC21slim.xsd">
      <leader>00000cam a2200709 a 4500</leader>
      <controlfield tag="FMT">BK</controlfield>
      <controlfield tag="LDR">00000cam a2200709 a 4500</controlfield>
      <controlfield tag="001">000783216</controlfield>
      <controlfield tag="003">OCoLC</controlfield>
      <controlfield tag="005">20170908110315.0</controlfield>
      <controlfield tag="008">020503s2001    gw af    b    100 0 ger d</controlfield>
      <datafield tag="010" ind1=" " ind2=" ">
         <subfield code="a">2002431915</subfield>
      </datafield>
      <datafield tag="016" ind1="7" ind2=" ">
         <subfield code="a">96316953X</subfield>
         <subfield code="2">DE-101</subfield>
      </datafield>
      <datafield tag="016" ind1="7" ind2=" ">
         <subfield code="a">008031197</subfield>
         <subfield code="2">Uk</subfield>
      </datafield>
      <datafield tag="020" ind1=" " ind2=" ">
         <subfield code="a">3447044853</subfield>
      </datafield>
      <datafield tag="020" ind1=" " ind2=" ">
         <subfield code="a">9783447044851</subfield>
      </datafield>
      <datafield tag="035" ind1=" " ind2=" ">
         <subfield code="a">(OCoLC)49721937</subfield>
      </datafield>
      <datafield tag="040" ind1=" " ind2=" ">
         <subfield code="a">OHX</subfield>
         <subfield code="b">eng</subfield>
         <subfield code="c">DLC</subfield>
         <subfield code="d">OHX</subfield>
         <subfield code="d">RBN</subfield>
         <subfield code="d">MBB</subfield>
         <subfield code="d">OCLCQ</subfield>
         <subfield code="d">NLGGC</subfield>
         <subfield code="d">CLU</subfield>
         <subfield code="d">HLS</subfield>
         <subfield code="d">I8H</subfield>
         <subfield code="d">GEBAY</subfield>
         <subfield code="d">UKMGB</subfield>
         <subfield code="d">OCLCQ</subfield>
         <subfield code="d">OCLCO</subfield>
         <subfield code="d">DEBBG</subfield>
         <subfield code="d">YDXCP</subfield>
         <subfield code="d">OCLCQ</subfield>
         <subfield code="d">ZYU</subfield>
      </datafield>
      <datafield tag="041" ind1="0" ind2=" ">
         <subfield code="a">ger</subfield>
         <subfield code="a">eng</subfield>
         <subfield code="a">fre</subfield>
         <subfield code="a">tur</subfield>
      </datafield>
      <datafield tag="042" ind1=" " ind2=" ">
         <subfield code="a">lccopycat</subfield>
      </datafield>
      <datafield tag="043" ind1=" " ind2=" ">
         <subfield code="a">a-tu---</subfield>
      </datafield>
      <datafield tag="050" ind1="0" ind2="0">
         <subfield code="a">DS66</subfield>
         <subfield code="b">.I57 1999</subfield>
      </datafield>
      <datafield tag="050" ind1="1" ind2="4">
         <subfield code="a">P945.A1</subfield>
         <subfield code="b">S93 no.45</subfield>
      </datafield>
      <datafield tag="072" ind1=" " ind2="7">
         <subfield code="a">DS</subfield>
         <subfield code="2">lcco</subfield>
      </datafield>
      <datafield tag="079" ind1=" " ind2=" ">
         <subfield code="a">(OCoLC)49721937</subfield>
      </datafield>
      <datafield tag="082" ind1="0" ind2="4">
         <subfield code="a">900</subfield>
         <subfield code="2">22/ger</subfield>
      </datafield>
      <datafield tag="084" ind1=" " ind2=" ">
         <subfield code="a">15.75</subfield>
         <subfield code="2">bcl</subfield>
      </datafield>
      <datafield tag="084" ind1=" " ind2=" ">
         <subfield code="a">18.68</subfield>
         <subfield code="2">bcl</subfield>
      </datafield>
      <datafield tag="084" ind1=" " ind2=" ">
         <subfield code="a">ER 300</subfield>
         <subfield code="2">rvk</subfield>
      </datafield>
      <datafield tag="084" ind1=" " ind2=" ">
         <subfield code="a">EW 320</subfield>
         <subfield code="2">rvk</subfield>
      </datafield>
      <datafield tag="084" ind1=" " ind2=" ">
         <subfield code="a">EW 340</subfield>
         <subfield code="2">rvk</subfield>
      </datafield>
      <datafield tag="111" ind1="2" ind2=" ">
         <subfield code="a">International Congress on Hittitology</subfield>
         <subfield code="n">(4th :</subfield>
         <subfield code="d">1999 :</subfield>
         <subfield code="c">Würzburg, Germany)</subfield>
      </datafield>
      <datafield tag="245" ind1="1" ind2="0">
         <subfield code="a">Akten des IV. Internationalen Kongresses für Hethitologie :</subfield>
         <subfield code="b">Würzburg, 4.-8. Oktober 1999 /</subfield>
         <subfield code="c">herausgegeben von Gernot Wilhelm.</subfield>
      </datafield>
      <datafield tag="246" ind1="3" ind2=" ">
         <subfield code="a">Akten des vierten Internationalen Kongresses für Hethitologie</subfield>
      </datafield>
      <datafield tag="260" ind1=" " ind2=" ">
         <subfield code="a">Wiesbaden :</subfield>
         <subfield code="b">Harrassowitz,</subfield>
         <subfield code="c">2001.</subfield>
      </datafield>
      <datafield tag="300" ind1=" " ind2=" ">
         <subfield code="a">xxiii, 759 pages, 18 pages of plates :</subfield>
         <subfield code="b">illustrations ;</subfield>
         <subfield code="c">26 cm.</subfield>
      </datafield>
      <datafield tag="336" ind1=" " ind2=" ">
         <subfield code="a">text</subfield>
         <subfield code="b">txt</subfield>
         <subfield code="2">rdacontent</subfield>
      </datafield>
      <datafield tag="337" ind1=" " ind2=" ">
         <subfield code="a">unmediated</subfield>
         <subfield code="b">n</subfield>
         <subfield code="2">rdamedia</subfield>
      </datafield>
      <datafield tag="338" ind1=" " ind2=" ">
         <subfield code="a">volume</subfield>
         <subfield code="b">nc</subfield>
         <subfield code="2">rdacarrier</subfield>
      </datafield>
      <datafield tag="490" ind1="1" ind2=" ">
         <subfield code="a">Studien zu den Bogazköy-Texten,</subfield>
         <subfield code="x">0585-5853 ;</subfield>
         <subfield code="v">Bd. 45</subfield>
      </datafield>
      <datafield tag="504" ind1=" " ind2=" ">
         <subfield code="a">Includes bibliographical references.</subfield>
      </datafield>
      <datafield tag="546" ind1=" " ind2=" ">
         <subfield code="a">Contributions in German, English, French, and Turkish.</subfield>
      </datafield>
      <datafield tag="505" ind1="0" ind2="0">
         <subfield code="g">Eröffnungsvortrag.</subfield>
         <subfield code="t">Hethitologie heute /</subfield>
         <subfield code="r">Erich Neu.</subfield>
         <subfield code="t">Archive und Bibliotheken in Ḫattusă /</subfield>
         <subfield code="r">Silvia Alaura --</subfield>
         <subfield code="t">Das Hieroglyphensiegel von Troja und seine Bedeutung für Westanatolien /</subfield>
         <subfield code="r">Sedat Alp --</subfield>
         <subfield code="t">Hititler'de Adoption /</subfield>
         <subfield code="r">Adil Alpman --</subfield>
         <subfield code="t">An intransitive ḫark-? /</subfield>
         <subfield code="r">Jaqueline Boley --</subfield>
         <subfield code="t">Anitta res gestae : paralipomena I /</subfield>
         <subfield code="r">Onofrio Carruba --</subfield>
         <subfield code="t">The "unwritten laws" of the Hittites : the case of the natta āra expression /</subfield>
         <subfield code="r">Yoram Cohen --</subfield>
         <subfield code="t">Gefässnamen /</subfield>
         <subfield code="r">Yaşar Coşkun --</subfield>
         <subfield code="t">Ein interessanter Siegelabdruck aus Boğazköy und die damit verknüpften historischen Fragen /</subfield>
         <subfield code="r">Ali M. Dinçol --</subfield>
         <subfield code="t">Bemerkungen über die hethitischen Siegelinhaber mit mehreren Titeln /</subfield>
         <subfield code="r">Belkis Dinçol --</subfield>
         <subfield code="t">Some recently discovered Kārum 1-b tablets and related observations /</subfield>
         <subfield code="r">Veysel Donbaz --</subfield>
         <subfield code="t">Hitit devleti'nin siyasi gücü ile ekonomik kurumları arasındaki ilişkiler /</subfield>
         <subfield code="r">Arif Ersoy, Esma Reyhan --</subfield>
      </datafield>
      <datafield tag="505" ind1="0" ind2="0">
         <subfield code="9"/>
         <subfield code="t">Die hurritische Fassung des Ullikummi-Lieds und ihre hethitische Parallele /</subfield>
         <subfield code="r">Mauro Giorgieri --</subfield>
         <subfield code="t">Un lieu de culte inconnu : Camız'lı Mağara (La Grotte au Buffle) /</subfield>
         <subfield code="r">Hatice Gonnet --</subfield>
         <subfield code="t">Altphrygisches /</subfield>
         <subfield code="r">Roberto Gusmani --</subfield>
         <subfield code="t">Urḫi-Tešub, tuḫkanti /</subfield>
         <subfield code="r">J. David Hawkins --</subfield>
         <subfield code="t">Zur Diskussion um einen zweiten Namen Tutḫaliyas IV /</subfield>
         <subfield code="r">Susanne Heinhold-Krahmer --</subfield>
         <subfield code="t">Alimenta revisited /</subfield>
         <subfield code="r">Harry A. Hoffner, Jr --</subfield>
         <subfield code="t">Zur Geschichte des jüngeren hethitischen Reiches /</subfield>
         <subfield code="r">Theo van den Hout --</subfield>
         <subfield code="t">Luwische Religion in den Traditionen von Arzawa /</subfield>
         <subfield code="r">Manfred Hutter --</subfield>
         <subfield code="t">Sŭppiluliuma and Hartapu : two "great kings" in conflict? /</subfield>
         <subfield code="r">Anna Margherita Jasink --</subfield>
         <subfield code="t">The historical and archaeological background for a possible relation between Hurro-Urartian and Altaic /</subfield>
         <subfield code="r">Jin Jie --</subfield>
         <subfield code="t">Observations on the similarities and differences between the Hittite colophons and the Babylonian-Assyrian colophons /</subfield>
         <subfield code="r">Cem Karasu --</subfield>
         <subfield code="t">Einige Bemerkungen zur hethitischen Herrschaftsordnung in Syrien /</subfield>
      </datafield>
      <datafield tag="505" ind1="0" ind2="0">
         <subfield code="9"/>
         <subfield code="r">Horst Klengel --</subfield>
         <subfield code="t">Historiographie als Paradigma : Die Quellen zur hethitischen Geschichte und ihre Deutung /</subfield>
         <subfield code="r">Jörg Klinger --</subfield>
         <subfield code="t">Écritures et langages visuels sur les sceaux royaux digraphes de l'empire hittite : Quelques propositions pour une rhétorique de l'écriture /</subfield>
         <subfield code="r">Isabelle Klock-Fontanille --</subfield>
         <subfield code="t">Geschichte und Perspektiven der archäologischen Erforschung des eisenzeitlichen Kilikien /</subfield>
         <subfield code="r">Ergün Lafli --</subfield>
         <subfield code="t">Propos concernant Urikina, Ussa et Uda /</subfield>
         <subfield code="r">René Lebrun --</subfield>
         <subfield code="t">Relativsätze im Hethitischen /</subfield>
         <subfield code="r">Rosemarie Lühr --</subfield>
         <subfield code="t">Observations on Hittite international treaties /</subfield>
         <subfield code="r">Stefano de Martino, Fiorella Imparati --</subfield>
         <subfield code="t">Le complexe cultuel du "Südburg" (Hattusa) : quelques réflexions /</subfield>
         <subfield code="r">Emilia Masson --</subfield>
         <subfield code="t">Quelques remarques à propos du datif-locatif en hittite /</subfield>
         <subfield code="r">Michel Mazoyer --</subfield>
         <subfield code="t">A Hittite fertility rite? /</subfield>
         <subfield code="r">H. Craig Melchert --</subfield>
         <subfield code="t">Ḫattušili I's expansion into Northern Syria in light of the Tikunani letter /</subfield>
         <subfield code="r">Jared Miller --</subfield>
      </datafield>
      <datafield tag="505" ind1="0" ind2="0">
         <subfield code="9"/>
         <subfield code="t">Zur frühhethitischen Kultur im Mündungsgebiet des Marašs̆antija /</subfield>
         <subfield code="r">Vuslat Müller-Karpe --</subfield>
         <subfield code="t">Zu den Tagestafeln des nuntarriias̆ḫa-Festes /</subfield>
         <subfield code="r">Mitsuo Nakamura --</subfield>
         <subfield code="t">Der adverbale Genetiv im Althethitischen /</subfield>
         <subfield code="r">Günter Neumann --</subfield>
         <subfield code="t">Hethitisch -ima- oder : Wie ein Suffix affektiv werden kann /</subfield>
         <subfield code="r">Norbert Oettinger --</subfield>
         <subfield code="t">Zu heth. ḫuesa- : Semantik, Etymologie, kulturgeschichtliche Aspekte /</subfield>
         <subfield code="r">Michaela Ofitsch --</subfield>
         <subfield code="t">Hethitisches Territorium am oberen Marašs̆antia : Ein Rekonstruktionsversuch /</subfield>
         <subfield code="r">A. Tuba Ökse --</subfield>
         <subfield code="t">Zur Datierung und historischen Interpretation des hethitischen Orakelprotokolls KUB 5.1+ / Julia Orlamünde --</subfield>
         <subfield code="t">Kirenzi und de rôr in der hurritisch-hethitischen Serie "Freilassung" (parā tarnumar) /</subfield>
         <subfield code="r">Eckart Otto --</subfield>
         <subfield code="t">Eflatunpınar Hitit Kutsal Anıt-Havuz 1998 Yılı Çalışmaları /</subfield>
         <subfield code="r">A. Sırrı Özenir --</subfield>
         <subfield code="t">Les sites archéologiques du IIe millénaire avant J.-C. à Tokat /</subfield>
         <subfield code="r">Mehmet Özsait, Nesrin Özsait --</subfield>
      </datafield>
      <datafield tag="505" ind1="0" ind2="0">
         <subfield code="9"/>
         <subfield code="t">A song of release from Hattic tradition /</subfield>
         <subfield code="r">Franca Pecchioli Daddi --</subfield>
         <subfield code="t">Ivory and elephant in Hittite / Jaan Puhvel --</subfield>
         <subfield code="t">Theophore Elemente ḫurritischer Personennamen altbabylonischen Datums aus Syrien und dem Osttigrisgebiet /</subfield>
         <subfield code="r">Thomas Richter --</subfield>
         <subfield code="t">Der hethitische šar-tamḫāri-Text : archaisch oder archaisierend? /</subfield>
         <subfield code="r">Elisabeth Rieken --</subfield>
         <subfield code="t">The Hittite verbs in -na- and -anna- /</subfield>
         <subfield code="r">Georgi T. Rikov --</subfield>
         <subfield code="t">A repertorium of treated passages from Hittite texts /</subfield>
         <subfield code="r">Johan de Roos --</subfield>
         <subfield code="t">The song of the sea (ŠA A.AB.BA SÌR) : thoughts on KUB 45.63 /</subfield>
         <subfield code="r">Ian Rutherford --</subfield>
         <subfield code="t">Yumruk biçimli gümüş Hitit kabı ile Fraktin kaya anıtı üzerinde görülen bazı kült nesnelerinin identifikasyonu /</subfield>
         <subfield code="r">Savaş Özkan Savaş --</subfield>
         <subfield code="t">Die Zerstörung der Stadt Ḫattusă /</subfield>
         <subfield code="r">Jürgen Seeher --</subfield>
         <subfield code="t">The treaties between Karkamis̆ and Hatti /</subfield>
         <subfield code="r">Itamar Singer --</subfield>
         <subfield code="t">Hattice araştırmalarında son durum /</subfield>
         <subfield code="r">Oğuz Soysal --</subfield>
         <subfield code="t">Hitit din ve sosyal hayatında LÚ/MUNUSú.ḫúb "sağır" /</subfield>
      </datafield>
      <datafield tag="505" ind1="0" ind2="0">
         <subfield code="9"/>
         <subfield code="r">Yasemin Soysal --</subfield>
         <subfield code="t">Ortaköy Tabletleri Işığında Batı Anadolu İle İlgili Bazı Konular Üzerine /</subfield>
         <subfield code="r">Aygül Süel --</subfield>
         <subfield code="t">Ortaköy : Şapinuwa 'B' Binası /</subfield>
         <subfield code="r">Mustafa Süel --</subfield>
         <subfield code="t">Aspekte der Hurritisierung Kleinasiens : Ein Beschwörungsritual aus mittelhethitischer Zeit /</subfield>
         <subfield code="r">Piotr Taracha --</subfield>
         <subfield code="t">Border descriptions and cultural barriers /</subfield>
         <subfield code="r">Nili Wazana --</subfield>
         <subfield code="t">The territory of the Appanage Kingdom of Tarḫuntašs̆a : an archaeological appraisal /</subfield>
         <subfield code="r">Jak Yakar, Ali M. Dinçol, Belkis Dinçol, Avia Taffet --</subfield>
         <subfield code="t">Hitite nu-za and related spellings /</subfield>
         <subfield code="r">Kazuhiko Yoshida --</subfield>
         <subfield code="t">Zur Indikativität hethitischer Abstrakta /</subfield>
         <subfield code="r">Susanne Zeilfelder --</subfield>
         <subfield code="t">Bemerkungen zu einigen hethitischen Pflanzen und Pflanzennamen /</subfield>
         <subfield code="r">Christian Zinko.</subfield>
      </datafield>
      <datafield tag="650" ind1=" " ind2="0">
         <subfield code="a">Hittites</subfield>
         <subfield code="x">Civilization</subfield>
         <subfield code="v">Congresses.</subfield>
      </datafield>
      <datafield tag="650" ind1=" " ind2="0">
         <subfield code="a">Hittite language</subfield>
         <subfield code="v">Congresses.</subfield>
      </datafield>
      <datafield tag="651" ind1=" " ind2="0">
         <subfield code="a">Turkey</subfield>
         <subfield code="x">Antiquities</subfield>
         <subfield code="v">Congresses.</subfield>
      </datafield>
      <datafield tag="650" ind1="1" ind2="7">
         <subfield code="a">Hettieten.</subfield>
         <subfield code="2">gtt</subfield>
      </datafield>
      <datafield tag="650" ind1="1" ind2="7">
         <subfield code="a">Hettitisch.</subfield>
         <subfield code="2">gtt</subfield>
      </datafield>
      <datafield tag="650" ind1="0" ind2="7">
         <subfield code="a">Hethitologie.</subfield>
         <subfield code="0">(DE-588)4201446-3</subfield>
         <subfield code="2">gnd</subfield>
      </datafield>
      <datafield tag="650" ind1="0" ind2="7">
         <subfield code="a">Hethitologie.</subfield>
         <subfield code="2">swd</subfield>
      </datafield>
      <datafield tag="650" ind1="0" ind2="7">
         <subfield code="a">Kongress.</subfield>
         <subfield code="2">swd</subfield>
      </datafield>
      <datafield tag="655" ind1=" " ind2="4">
         <subfield code="a">Kongress</subfield>
         <subfield code="z">Würzburg</subfield>
         <subfield code="y">1999.</subfield>
      </datafield>
      <datafield tag="700" ind1="1" ind2=" ">
         <subfield code="a">Wilhelm, Gernot.</subfield>
      </datafield>
      <datafield tag="776" ind1="0" ind2="8">
         <subfield code="i">Online version:</subfield>
         <subfield code="a">International Congress on Hittitology (4th : 1999 : Würzburg, Germany).</subfield>
         <subfield code="t">Akten des IV. Internationalen Kongresses für Hethitologie.</subfield>
         <subfield code="d">Wiesbaden : Harrassowitz, 2001</subfield>
         <subfield code="w">(OCoLC)605325936</subfield>
      </datafield>
      <datafield tag="776" ind1="0" ind2="8">
         <subfield code="i">Online version:</subfield>
         <subfield code="a">International Congress on Hittitology (4th : 1999 : Würzburg, Germany).</subfield>
         <subfield code="t">Akten des IV. Internationalen Kongresses für Hethitologie.</subfield>
         <subfield code="d">Wiesbaden : Harrassowitz, 2001</subfield>
         <subfield code="w">(OCoLC)607915334</subfield>
      </datafield>
      <datafield tag="830" ind1=" " ind2="0">
         <subfield code="a">Studien zu den Boğazköy-Texten ;</subfield>
         <subfield code="v">Heft 45.</subfield>
      </datafield>
      <datafield tag="856" ind1="4" ind2="1">
         <subfield code="3">Table of contents</subfield>
         <subfield code="u">http://bvbr.bib-bvb.de:8991/F?func=service&amp;doc_library=BVB01&amp;local_base=BVB01&amp;doc_number=009631934&amp;line_number=0001&amp;func_code=DB_RECORDS&amp;service_type=MEDIA</subfield>
      </datafield>
      <datafield tag="OWN" ind1=" " ind2=" ">
         <subfield code="a">GENERAL</subfield>
      </datafield>
      <datafield tag="AVA" ind1=" " ind2=" ">
         <subfield code="a">NYU50</subfield>
         <subfield code="b">BOBST</subfield>
         <subfield code="c">Main Collection</subfield>
         <subfield code="d">P945 .S65 Heft 45</subfield>
         <subfield code="e">unavailable</subfield>
         <subfield code="t">Unavailable</subfield>
         <subfield code="f">1</subfield>
         <subfield code="g">1</subfield>
         <subfield code="h">N</subfield>
         <subfield code="i">6</subfield>
         <subfield code="j">MAIN</subfield>
         <subfield code="k">0</subfield>
      </datafield>
      <datafield tag="AVA" ind1=" " ind2=" ">
         <subfield code="a">NYU50</subfield>
         <subfield code="b">NISAW</subfield>
         <subfield code="c">Small Collection</subfield>
         <subfield code="d">DS66 .I57 1999 Non-circulating</subfield>
         <subfield code="e">available</subfield>
         <subfield code="t">Available</subfield>
         <subfield code="f">1</subfield>
         <subfield code="g">0</subfield>
         <subfield code="h">N</subfield>
         <subfield code="i">0</subfield>
         <subfield code="j">SMALL</subfield>
         <subfield code="k">0</subfield>
      </datafield>
      <marc:datafield tag="852" ind1=" " ind2=" ">
         <marc:subfield code="b">Institute for the Study of the Ancient World, </marc:subfield>
         <marc:subfield code="c">Small Collection</marc:subfield>
         <marc:subfield code="e">15 East 84th St., </marc:subfield>
         <marc:subfield code="e">New York, NY  10028</marc:subfield>
      </marc:datafield>
   </record>