
  
  
  
  
  
  
  
  
  
 
  
  <record xsi:schemaLocation="http://www.loc.gov/MARC21/slim http://www.loc.gov/standards/marcxml/schema/MARC21slim.xsd">
      <leader>00000cam a22008414a 4500</leader>
      <controlfield tag="FMT">BK</controlfield>
      <controlfield tag="LDR">00000cam a22008414a 4500</controlfield>
      <controlfield tag="001">005681057</controlfield>
      <controlfield tag="003">OCoLC</controlfield>
      <controlfield tag="005">20170908114700.0</controlfield>
      <controlfield tag="008">090327s2008    it abe   b    100 0 ita d</controlfield>
      <datafield tag="010" ind1=" " ind2=" ">
         <subfield code="a">2009350934</subfield>
      </datafield>
      <datafield tag="020" ind1=" " ind2=" ">
         <subfield code="a">9788880800958</subfield>
      </datafield>
      <datafield tag="020" ind1=" " ind2=" ">
         <subfield code="a">8880800957</subfield>
      </datafield>
      <datafield tag="035" ind1=" " ind2=" ">
         <subfield code="a">(OCoLC)318102611</subfield>
         <subfield code="z">(OCoLC)317453419</subfield>
      </datafield>
      <datafield tag="040" ind1=" " ind2=" ">
         <subfield code="a">ItFiC</subfield>
         <subfield code="b">eng</subfield>
         <subfield code="c">DLC</subfield>
         <subfield code="d">C3L</subfield>
         <subfield code="d">GEBAY</subfield>
         <subfield code="d">NLGGC</subfield>
         <subfield code="d">OCLCQ</subfield>
         <subfield code="d">ZCU</subfield>
         <subfield code="d">DEBBG</subfield>
         <subfield code="d">OCLCO</subfield>
         <subfield code="d">OCLCF</subfield>
         <subfield code="d">OCLCQ</subfield>
         <subfield code="d">OCL</subfield>
         <subfield code="d">OCLCQ</subfield>
         <subfield code="d">ZYU</subfield>
         <subfield code="d">OCLCO</subfield>
         <subfield code="d">OCLCA</subfield>
         <subfield code="d">ZYU</subfield>
      </datafield>
      <datafield tag="041" ind1="0" ind2=" ">
         <subfield code="a">ita</subfield>
         <subfield code="a">fre</subfield>
         <subfield code="a">spa</subfield>
      </datafield>
      <datafield tag="042" ind1=" " ind2=" ">
         <subfield code="a">lccopycat</subfield>
      </datafield>
      <datafield tag="043" ind1=" " ind2=" ">
         <subfield code="a">mm-----</subfield>
      </datafield>
      <datafield tag="045" ind1=" " ind2=" ">
         <subfield code="a">d4i-</subfield>
         <subfield code="a">b0d3</subfield>
      </datafield>
      <datafield tag="050" ind1="0" ind2="0">
         <subfield code="a">BL687</subfield>
         <subfield code="b">.C67 2004</subfield>
      </datafield>
      <datafield tag="079" ind1=" " ind2=" ">
         <subfield code="a">(OCoLC)318102611</subfield>
      </datafield>
      <datafield tag="082" ind1="0" ind2="4">
         <subfield code="a">900</subfield>
         <subfield code="2">22/ger</subfield>
      </datafield>
      <datafield tag="084" ind1=" " ind2=" ">
         <subfield code="a">11.10</subfield>
         <subfield code="2">bcl</subfield>
      </datafield>
      <datafield tag="084" ind1=" " ind2=" ">
         <subfield code="a">15.39</subfield>
         <subfield code="2">bcl</subfield>
      </datafield>
      <datafield tag="084" ind1=" " ind2=" ">
         <subfield code="a">6,11</subfield>
         <subfield code="2">ssgn</subfield>
      </datafield>
      <datafield tag="084" ind1=" " ind2=" ">
         <subfield code="a">6,12</subfield>
         <subfield code="2">ssgn</subfield>
      </datafield>
      <datafield tag="084" ind1=" " ind2=" ">
         <subfield code="a">LE 2003</subfield>
         <subfield code="2">rvk</subfield>
      </datafield>
      <datafield tag="111" ind1="2" ind2=" ">
         <subfield code="a">Convegno internazionale "Saturnia tellus, definizioni dello spazio consacrato in ambiente etrusco, italico, fenicio-punico, iberico e celtico"</subfield>
         <subfield code="d">(2004 :</subfield>
         <subfield code="c">Rome, Italy)</subfield>
      </datafield>
      <datafield tag="245" ind1="1" ind2="0">
         <subfield code="a">Saturnia tellus :</subfield>
         <subfield code="b">definizioni dello spazio consacrato in ambiente etrusco, italico, fenicio-punico, iberico e celtico : atti del Convegno internazionale svoltosi a Roma dal 10 al 12 novembre 2004 /</subfield>
         <subfield code="c">a cura di Xavier Dupré Raventós, Sergio Ribichini, Stéphane Verger.</subfield>
      </datafield>
      <datafield tag="260" ind1=" " ind2=" ">
         <subfield code="a">Roma :</subfield>
         <subfield code="b">Consiglio nazionale delle ricerche,</subfield>
         <subfield code="c">2008.</subfield>
      </datafield>
      <datafield tag="300" ind1=" " ind2=" ">
         <subfield code="a">724 pages :</subfield>
         <subfield code="b">illustrations (some color), maps, plans ;</subfield>
         <subfield code="c">27 cm.</subfield>
      </datafield>
      <datafield tag="336" ind1=" " ind2=" ">
         <subfield code="a">text</subfield>
         <subfield code="b">txt</subfield>
         <subfield code="2">rdacontent</subfield>
      </datafield>
      <datafield tag="337" ind1=" " ind2=" ">
         <subfield code="a">unmediated</subfield>
         <subfield code="b">n</subfield>
         <subfield code="2">rdamedia</subfield>
      </datafield>
      <datafield tag="338" ind1=" " ind2=" ">
         <subfield code="a">volume</subfield>
         <subfield code="b">nc</subfield>
         <subfield code="2">rdacarrier</subfield>
      </datafield>
      <datafield tag="490" ind1="1" ind2=" ">
         <subfield code="a">Monografie scientifiche. Patrimonio culturale</subfield>
      </datafield>
      <datafield tag="546" ind1=" " ind2=" ">
         <subfield code="a">Contributions in Italian, French, and Spanish.</subfield>
      </datafield>
      <datafield tag="504" ind1=" " ind2=" ">
         <subfield code="a">Includes bibliographical references.</subfield>
      </datafield>
      <datafield tag="505" ind1="0" ind2="0">
         <subfield code="t">"Saturnia Tellus" : Introduzione /</subfield>
         <subfield code="r">Xavier Dupré Raventós, Sergio Ribichini, Stéphane Verger --</subfield>
         <subfield code="t">"Più volte mutò nome la terra Saturnia" (Verg. Aen. VIII 329) /</subfield>
         <subfield code="r">Sergio Ribichini --</subfield>
         <subfield code="t">L'espace consacré chez les Étrusques : réflexions sur le rituel Étrusco-Romain de fondation des cités /</subfield>
         <subfield code="r">Dominique Briquel --</subfield>
         <subfield code="t">Spazio designato e ritualità : segni di confine nel Veneto preromano /</subfield>
         <subfield code="r">Mariolina Gamba, Giovanna Gambacurta, Angela Ruta Serafini --</subfield>
         <subfield code="t">Topografia del sacro : spazi e pratiche religiose in alcuni santuari dell'Abruzzo ellenistico /</subfield>
         <subfield code="r">Adele Campanelli --</subfield>
         <subfield code="t">Tra Greci e Indigeni : problematiche e definizioni del sacro /</subfield>
         <subfield code="r">Giovanna Greco --</subfield>
         <subfield code="t">Espacios Sagrados en la Ibiza púnica /</subfield>
         <subfield code="r">Carlos Gómez Bellard --</subfield>
         <subfield code="t">Gaulois nemeton et atoś deuogdonion : deux noms de l'espace sacré /</subfield>
         <subfield code="r">Pierre-Yves Lambert --</subfield>
         <subfield code="t">Espaces sacrés chez les Celtes du Midi /</subfield>
         <subfield code="r">Dominique Garcia --</subfield>
      </datafield>
      <datafield tag="505" ind1="0" ind2="0">
         <subfield code="9"/>
         <subfield code="t">Du Nord au Sud : définition et fonction de l'espace consacré en Gaule indépendante /</subfield>
         <subfield code="r">Matthieu Poux --</subfield>
         <subfield code="t">La grotte de Santa Maria di Agnano (Ostuni) et ses abords : à propos des critères d'identification d'un sanctuaire messapien /</subfield>
         <subfield code="r">Donato Coppola, [and 8 others] --</subfield>
         <subfield code="t">Un Case Study per l'identificazione di un santuario messapico : il materiale epigrafico dalla grotta di S. Maria di Agnano (Ostuni, Brindisi) /</subfield>
         <subfield code="r">Paolo Poccetti --</subfield>
         <subfield code="t">La simbolización del espacio sagrado en la iconografia ibérica /</subfield>
         <subfield code="r">Ricardo Olmos Romera --</subfield>
         <subfield code="t">Rappresentazioni dello spazio "sacro" nella documentazione epigrafica etrusca di epoca orientalizzante /</subfield>
         <subfield code="r">Giovanna Bagnasco Gianni --</subfield>
         <subfield code="t">Lo spazio fenicio rappresentato /</subfield>
         <subfield code="r">Ida Oggiano --</subfield>
         <subfield code="t">Esame del santuario meridionale di Pyrgi /</subfield>
         <subfield code="r">Maria Paola Baglione --</subfield>
         <subfield code="t">Per una storia del santuario della Vigna Parrocchiale a Cerveteri /</subfield>
         <subfield code="r">Vincenzo Bellelli --</subfield>
         <subfield code="t">Il recinto coperto del campo di Aquilonia : santuario sannita o praetorium romano? /</subfield>
      </datafield>
      <datafield tag="505" ind1="0" ind2="0">
         <subfield code="9"/>
         <subfield code="r">Olivier de Cazanove --</subfield>
         <subfield code="t">Peltuinum : Un caso di "pietrificazione" di un'area di culto /</subfield>
         <subfield code="r">Luisa Migliorati --</subfield>
         <subfield code="t">Tra Greci e Indigeni : problematiche di definizione dello spazio consacrato nel santuario di Hera alla foce del Sele /</subfield>
         <subfield code="r">Bianca Ferrara --</subfield>
         <subfield code="t">Il Santuario di Astarte a malta sulla base delle iscrizioni /</subfield>
         <subfield code="r">Maria Giulia Amadasi Guzzo --</subfield>
         <subfield code="t">Considerazioni sul "culto delle acque" nella Sardegna punica e tardo-punica : l'esempio di Mitza Salamu (Dolianova-CA) /</subfield>
         <subfield code="r">Giuseppe Garbati, Chiara Peri --</subfield>
         <subfield code="t">Les pratiques rituelles dans les sanctuaires de Ba'al Ḥammon en Afrique à l'époque romaine : Le cas de Henchir el-Hami dans le pays de Zama (Tunisie du Nord-Ouest) /</subfield>
         <subfield code="r">Ahmed Ferjaoui --</subfield>
         <subfield code="t">Deux exemples d'espaces consacrés indigènes en Cyrénaïque : Slonta et Hagfa el Khasaliya /</subfield>
         <subfield code="r">Yann Leclerc --</subfield>
         <subfield code="t">A propósito del paisaje sagrado fenicio de la paleodesembocadura del Guadalquivir /</subfield>
         <subfield code="r">José Luis Escacena Carrasco, Rocío Izquierdo de Montes --</subfield>
      </datafield>
      <datafield tag="505" ind1="0" ind2="0">
         <subfield code="9"/>
         <subfield code="t">Mutation et perduration de l'espace sacré : l'exemple du culte des eaux thermales dans la Peninsule Ibérique jusqu'à la romanisation /</subfield>
         <subfield code="r">Francisco Diez de Velasco --</subfield>
         <subfield code="t">Ensayo acerca de la evolución del espacio sagrado y del ritual religioso desde el final del orientalizante al mundo romano : El ejemplo del Valle del Guadiana (Extremadura) /</subfield>
         <subfield code="r">Sebastián Celestino, Trinidad Tortosa --</subfield>
         <subfield code="t">Nuevas aportaciones a los contextos arqueológicos y a la cronología de los santuarios de taula de Menorca /</subfield>
         <subfield code="r">Juan Simón Gornés Hachero --</subfield>
         <subfield code="t">El santuario de Peñalba de Villastar (Teruel) y la romanización religiosa en la Hispania indoeuropea /</subfield>
         <subfield code="r">Francisco Marco Simón, Silvia Alfayé Villa --</subfield>
         <subfield code="t">Los "santuarios" de Galicia en la Edad del Hierro : "A Ferradura" (Amoeiro, Ourense) como ejemplo /</subfield>
         <subfield code="r">Marco V. García Quintela, Manuel Santos Estévez --</subfield>
      </datafield>
      <datafield tag="505" ind1="0" ind2="0">
         <subfield code="9"/>
         <subfield code="t">Nouvelles découvertes dans l'habitat du Cailar (Gard) : pratiques et espace cultuel de type laténien dans le Midi de la Gaule /</subfield>
         <subfield code="r">Réjane Roure --</subfield>
         <subfield code="t">Un luogo per gli dèi nello spazio per i defunti /</subfield>
         <subfield code="r">Simonetta Stopponi --</subfield>
         <subfield code="t">Resti faunistici da una fossa rituale di Orvieto /</subfield>
         <subfield code="r">Barbara Wilkens --</subfield>
         <subfield code="t">La morte ritualizzata : Modalità di sepoltura nell'Etruria protostorica /</subfield>
         <subfield code="r">Filippo Delpino --</subfield>
         <subfield code="t">Archeologia del rituale : scavo di tombe romane nella necropoli di Porta Nocera a Pompei /</subfield>
         <subfield code="r">Sébastien Lepetz, William Van Andringa --</subfield>
         <subfield code="t">Organizzazione dello spazio funerario nel Latium Vetus : il caso di Laurentina, Acqua Acetosa /</subfield>
         <subfield code="r">Massimo Botto --</subfield>
         <subfield code="t">La morte consacrata : Spazi, rituali e ideologia nella necropoli e nel tofet di Sulky fenicia e punica /</subfield>
         <subfield code="r">Paolo Bernardini --</subfield>
         <subfield code="t">Ai margini del mondo : lo spazio dell'esplorazione /</subfield>
         <subfield code="r">Anna Maria Gloria Capomacchia --</subfield>
         <subfield code="t">Monti al servizio di un pantheon : i Capitolia (Verg.Aen. 8, 347-358) /</subfield>
         <subfield code="r">Maria Rocchi --</subfield>
      </datafield>
      <datafield tag="505" ind1="0" ind2="0">
         <subfield code="9"/>
         <subfield code="t">Dove vivono gli dei? Note sulla terminologia fenicio-punica dei luoghi di culto e sui modi di rappresentazione del mondo divino /</subfield>
         <subfield code="r">Corinne Bonnet --</subfield>
         <subfield code="t">Éléments pour une définition rituelle des "Espaces Consacrés" à Rome /</subfield>
         <subfield code="r">Sylvia Estienne --</subfield>
         <subfield code="t">Progetto di un Inventario dei luoghi di culto dell'Italia antica /</subfield>
         <subfield code="r">Olivier de Cazanove, John Scheid --</subfield>
         <subfield code="t">Santuari e culti nel Nord-Africa d'età imperiale : "Topografie del Sacro", tra persistenze punico-numide ed influenze romane : La Presentazione di un progetto /</subfield>
         <subfield code="r">Silvia Bullo --</subfield>
         <subfield code="t">Interventi introduttivi alla Tavola Rotonda "Definizioni dello spazio consacrato nel Mediterraneo antico" /</subfield>
         <subfield code="r">John Scheid, Francisco Diez de Velasco, Paolo Xella --</subfield>
         <subfield code="t">Xavier Dupré, un guía, un predecessor /</subfield>
         <subfield code="r">Ricardo Olmos Romera, Trinidad Tortosa.</subfield>
      </datafield>
      <datafield tag="650" ind1=" " ind2="0">
         <subfield code="a">Sacred space</subfield>
         <subfield code="z">Mediterranean Region</subfield>
         <subfield code="v">Congresses.</subfield>
      </datafield>
      <datafield tag="650" ind1=" " ind2="0">
         <subfield code="a">Shrines</subfield>
         <subfield code="z">Mediterranean Region</subfield>
         <subfield code="v">Congresses.</subfield>
      </datafield>
      <datafield tag="651" ind1=" " ind2="0">
         <subfield code="a">Mediterranean Region</subfield>
         <subfield code="x">Religion</subfield>
         <subfield code="v">Congresses.</subfield>
      </datafield>
      <datafield tag="650" ind1=" " ind2="7">
         <subfield code="a">Religion.</subfield>
         <subfield code="2">fast</subfield>
         <subfield code="0">(OCoLC)fst01093763</subfield>
      </datafield>
      <datafield tag="650" ind1=" " ind2="7">
         <subfield code="a">Sacred space.</subfield>
         <subfield code="2">fast</subfield>
         <subfield code="0">(OCoLC)fst01103191</subfield>
      </datafield>
      <datafield tag="650" ind1=" " ind2="7">
         <subfield code="a">Shrines.</subfield>
         <subfield code="2">fast</subfield>
         <subfield code="0">(OCoLC)fst01117849</subfield>
      </datafield>
      <datafield tag="651" ind1=" " ind2="7">
         <subfield code="a">Mediterranean Region.</subfield>
         <subfield code="2">fast</subfield>
         <subfield code="0">(OCoLC)fst01239752</subfield>
      </datafield>
      <datafield tag="650" ind1="1" ind2="7">
         <subfield code="a">Archeologische vindplaatsen.</subfield>
         <subfield code="2">gtt</subfield>
      </datafield>
      <datafield tag="650" ind1="1" ind2="7">
         <subfield code="a">Heiligdommen.</subfield>
         <subfield code="2">gtt</subfield>
      </datafield>
      <datafield tag="650" ind1="1" ind2="7">
         <subfield code="a">Heilige plaatsen.</subfield>
         <subfield code="2">gtt</subfield>
      </datafield>
      <datafield tag="651" ind1=" " ind2="7">
         <subfield code="a">Middellandse-Zeegebied.</subfield>
         <subfield code="2">gtt</subfield>
      </datafield>
      <datafield tag="650" ind1=" " ind2="7">
         <subfield code="a">Altertum.</subfield>
         <subfield code="2">gnd</subfield>
      </datafield>
      <datafield tag="650" ind1=" " ind2="7">
         <subfield code="a">Ausgrabung.</subfield>
         <subfield code="2">gnd</subfield>
      </datafield>
      <datafield tag="650" ind1=" " ind2="7">
         <subfield code="a">Funde.</subfield>
         <subfield code="2">gnd</subfield>
      </datafield>
      <datafield tag="650" ind1=" " ind2="7">
         <subfield code="a">Heiligtum.</subfield>
         <subfield code="2">gnd</subfield>
      </datafield>
      <datafield tag="650" ind1=" " ind2="7">
         <subfield code="a">Kult.</subfield>
         <subfield code="2">gnd</subfield>
      </datafield>
      <datafield tag="650" ind1=" " ind2="7">
         <subfield code="a">Vor- und Frühgeschichte.</subfield>
         <subfield code="2">gnd</subfield>
      </datafield>
      <datafield tag="651" ind1=" " ind2="7">
         <subfield code="a">Mittelmeerraum.</subfield>
         <subfield code="2">gnd</subfield>
      </datafield>
      <datafield tag="650" ind1="0" ind2="7">
         <subfield code="a">Funde.</subfield>
         <subfield code="2">swd</subfield>
      </datafield>
      <datafield tag="655" ind1=" " ind2="4">
         <subfield code="a">Kongress</subfield>
         <subfield code="z">Rom</subfield>
         <subfield code="y">2004.</subfield>
      </datafield>
      <datafield tag="655" ind1=" " ind2="7">
         <subfield code="a">Conference papers and proceedings.</subfield>
         <subfield code="2">fast</subfield>
         <subfield code="0">(OCoLC)fst01423772</subfield>
      </datafield>
      <datafield tag="700" ind1="1" ind2=" ">
         <subfield code="a">Dupré i Raventós, Xavier.</subfield>
      </datafield>
      <datafield tag="700" ind1="1" ind2=" ">
         <subfield code="a">Ribichini, Sergio.</subfield>
      </datafield>
      <datafield tag="700" ind1="1" ind2=" ">
         <subfield code="a">Verger, Stéphane.</subfield>
      </datafield>
      <datafield tag="830" ind1=" " ind2="0">
         <subfield code="a">Monografie scientifiche.</subfield>
         <subfield code="p">Patrimonio culturale.</subfield>
      </datafield>
      <datafield tag="856" ind1="4" ind2="1">
         <subfield code="3">Table of contents</subfield>
         <subfield code="u">http://catdir.loc.gov/catdir/toc/casalini08/09091688.pdf</subfield>
      </datafield>
      <datafield tag="856" ind1="4" ind2="1">
         <subfield code="3">Table of contents</subfield>
         <subfield code="u">http://bvbr.bib-bvb.de:8991/F?func=service&amp;doc_library=BVB01&amp;doc_number=017368736&amp;line_number=0001&amp;func_code=DB_RECORDS&amp;service_type=MEDIA</subfield>
      </datafield>
      <datafield tag="856" ind1="4" ind2="1">
         <subfield code="3">Table of contents</subfield>
         <subfield code="u">http://bvbr.bib-bvb.de:8991/F?func=service&amp;doc_library=BVB01&amp;local_base=BVB01&amp;doc_number=017368736&amp;line_number=0001&amp;func_code=DB_RECORDS&amp;service_type=MEDIA</subfield>
      </datafield>
      <datafield tag="856" ind1="4" ind2="2">
         <subfield code="3">TOC</subfield>
         <subfield code="u">http://www.ilibri.casalini.it/toc/09091688.pdf</subfield>
      </datafield>
      <datafield tag="OWN" ind1=" " ind2=" ">
         <subfield code="a">GENERAL</subfield>
      </datafield>
      <datafield tag="AVA" ind1=" " ind2=" ">
         <subfield code="a">NYU50</subfield>
         <subfield code="b">NISAW</subfield>
         <subfield code="c">Large Collection</subfield>
         <subfield code="d">BL687 .C67 2004 Non-circulating</subfield>
         <subfield code="e">available</subfield>
         <subfield code="t">Available</subfield>
         <subfield code="f">1</subfield>
         <subfield code="g">0</subfield>
         <subfield code="h">N</subfield>
         <subfield code="i">0</subfield>
         <subfield code="j">LARGE</subfield>
         <subfield code="k">0</subfield>
      </datafield>
      <marc:datafield tag="852" ind1=" " ind2=" ">
         <marc:subfield code="b">Institute for the Study of the Ancient World, </marc:subfield>
         <marc:subfield code="c">Large Collection</marc:subfield>
         <marc:subfield code="e">15 East 84th St., </marc:subfield>
         <marc:subfield code="e">New York, NY  10028</marc:subfield>
      </marc:datafield>
   </record>