
  
  
  
  
  
  
  
  
  
  
 
  
  <record xsi:schemaLocation="http://www.loc.gov/MARC21/slim http://www.loc.gov/standards/marcxml/schema/MARC21slim.xsd">
      <leader>00000cam a22     4a 4500</leader>
      <controlfield tag="FMT">BK</controlfield>
      <controlfield tag="LDR">00000cam a22     4a 4500</controlfield>
      <controlfield tag="001">005681063</controlfield>
      <controlfield tag="005">20171006091903.0</controlfield>
      <controlfield tag="008">170802s2001    it abe   b   f100 0 ita c</controlfield>
      <datafield tag="010" ind1=" " ind2=" ">
         <subfield code="a">  2002387438</subfield>
      </datafield>
      <datafield tag="020" ind1=" " ind2=" ">
         <subfield code="a">888080023X</subfield>
      </datafield>
      <datafield tag="020" ind1=" " ind2=" ">
         <subfield code="a">9788880800231</subfield>
      </datafield>
      <datafield tag="035" ind1=" " ind2=" ">
         <subfield code="a">(OCoLC)48407907</subfield>
         <subfield code="z">(OCoLC)84569402</subfield>
      </datafield>
      <datafield tag="040" ind1=" " ind2=" ">
         <subfield code="a">C3L</subfield>
         <subfield code="b">eng</subfield>
         <subfield code="c">C3L</subfield>
         <subfield code="d">DLC</subfield>
         <subfield code="d">CGU</subfield>
         <subfield code="d">NLGGC</subfield>
         <subfield code="d">GEBAY</subfield>
         <subfield code="d">UPX</subfield>
         <subfield code="d">OCLCF</subfield>
         <subfield code="d">OCLCQ</subfield>
         <subfield code="d">OCLCO</subfield>
         <subfield code="d">OCL</subfield>
         <subfield code="d">DEBBG</subfield>
         <subfield code="d">S3O</subfield>
         <subfield code="d">OCLCQ</subfield>
         <subfield code="d">NNU</subfield>
      </datafield>
      <datafield tag="041" ind1="0" ind2=" ">
         <subfield code="a">ita</subfield>
         <subfield code="a">eng</subfield>
         <subfield code="a">fre</subfield>
      </datafield>
      <datafield tag="042" ind1=" " ind2=" ">
         <subfield code="a">pcc</subfield>
      </datafield>
      <datafield tag="043" ind1=" " ind2=" ">
         <subfield code="a">e-gr---</subfield>
         <subfield code="a">aw-----</subfield>
      </datafield>
      <datafield tag="045" ind1=" " ind2=" ">
         <subfield code="a">d4i-</subfield>
         <subfield code="a">b0d3</subfield>
      </datafield>
      <datafield tag="050" ind1="0" ind2="0">
         <subfield code="a">BL785</subfield>
         <subfield code="b">.Q47 2001</subfield>
      </datafield>
      <datafield tag="079" ind1=" " ind2=" ">
         <subfield code="a">(OCoLC)48407907</subfield>
      </datafield>
      <datafield tag="082" ind1="0" ind2="4">
         <subfield code="a">292</subfield>
      </datafield>
      <datafield tag="084" ind1=" " ind2=" ">
         <subfield code="a">11.15</subfield>
         <subfield code="2">bcl</subfield>
      </datafield>
      <datafield tag="084" ind1=" " ind2=" ">
         <subfield code="a">6,12</subfield>
         <subfield code="2">ssgn</subfield>
      </datafield>
      <datafield tag="084" ind1=" " ind2=" ">
         <subfield code="a">BE 1630</subfield>
         <subfield code="2">rvk</subfield>
      </datafield>
      <datafield tag="084" ind1=" " ind2=" ">
         <subfield code="a">FB 4031</subfield>
         <subfield code="2">rvk</subfield>
      </datafield>
      <datafield tag="084" ind1=" " ind2=" ">
         <subfield code="a">LE 1999</subfield>
         <subfield code="2">rvk</subfield>
      </datafield>
      <datafield tag="245" ind1="0" ind2="3">
         <subfield code="a">La questione delle influenze vicino-orientali sulla religione greca :</subfield>
         <subfield code="b">stato degli studi e prospettive della ricerca : atti del colloquio internazionale, Roma, 20-22 maggio 1999 /</subfield>
         <subfield code="c">a cura di Sergio Ribichini, Maria Rocchi, Paolo Xella.</subfield>
      </datafield>
      <datafield tag="260" ind1=" " ind2=" ">
         <subfield code="a">Roma :</subfield>
         <subfield code="b">Consiglio nazionale delle ricerche,</subfield>
         <subfield code="c">2001.</subfield>
      </datafield>
      <datafield tag="300" ind1=" " ind2=" ">
         <subfield code="a">440 pages :</subfield>
         <subfield code="b">illustrations, maps, plans ;</subfield>
         <subfield code="c">27 cm.</subfield>
      </datafield>
      <datafield tag="336" ind1=" " ind2=" ">
         <subfield code="a">text</subfield>
         <subfield code="b">txt</subfield>
         <subfield code="2">rdacontent</subfield>
      </datafield>
      <datafield tag="337" ind1=" " ind2=" ">
         <subfield code="a">unmediated</subfield>
         <subfield code="b">n</subfield>
         <subfield code="2">rdamedia</subfield>
      </datafield>
      <datafield tag="338" ind1=" " ind2=" ">
         <subfield code="a">volume</subfield>
         <subfield code="b">nc</subfield>
         <subfield code="2">rdacarrier</subfield>
      </datafield>
      <datafield tag="490" ind1="1" ind2=" ">
         <subfield code="a">Monografie scientifiche. Serie Scienze umane e sociali</subfield>
      </datafield>
      <datafield tag="546" ind1=" " ind2=" ">
         <subfield code="a">English, French or Italian.</subfield>
      </datafield>
      <datafield tag="504" ind1=" " ind2=" ">
         <subfield code="a">Includes bibliographical references.</subfield>
      </datafield>
      <datafield tag="505" ind1="0" ind2="0">
         <subfield code="t">Relazioni.</subfield>
         <subfield code="t">La religione greca all'ombra dell'Oriente : i livelli dei contatti e degli influssi /</subfield>
         <subfield code="r">Walter Burkert --</subfield>
         <subfield code="t">The Sacred Tree in Greek Art : Mycenaean versus Near Eastern Traditions /</subfield>
         <subfield code="r">Nota Kourou --</subfield>
         <subfield code="t">What is the Link between Ammon and the Golden Fleece? /</subfield>
         <subfield code="r">Maria Rosaria Belgiorno --</subfield>
         <subfield code="t">Lo studio del cielo tra scienza e religione ovvero la trasmissione delle credenze mesopotamiche nel mondo greco /</subfield>
         <subfield code="r">Francesco Adorno, Silvia Maria Chiodi, Giovanni Pettinato --</subfield>
         <subfield code="t">Riflessioni sul concetto di Anno Cosmico /</subfield>
         <subfield code="r">Antonio Panaino --</subfield>
         <subfield code="t">"Fascino" dall'Oriente e prime lezioni di magia /</subfield>
         <subfield code="r">Sergio Ribichini --</subfield>
         <subfield code="t">Itinéraires proche-orientaux de la Mère /</subfield>
         <subfield code="r">Philippe Borgeaud --</subfield>
         <subfield code="t">I "Monti grandi" e il Parnassos /</subfield>
         <subfield code="r">Maria Rocchi --</subfield>
         <subfield code="t">Aspetti della religione dei Cabiri /</subfield>
         <subfield code="r">Domenico Musti --</subfield>
         <subfield code="t">Gli studi sul santuario e i culti di Samotracia : prospettive e problemi /</subfield>
         <subfield code="r">Manuela Mari --</subfield>
         <subfield code="t">La genèse de l'Aphrodite grecque : le "dossier crétois" /</subfield>
         <subfield code="r">Vinciane Pirenne-Delforge --</subfield>
         <subfield code="t">Erodoto e gli Eraclidi d'Asia (nota di commento a Hdt. I 7) /</subfield>
         <subfield code="r">Pietro Vannicelli --</subfield>
         <subfield code="t">Images et fonctions d'Héraclès: les modèles orientaux et leurs interprétations /</subfield>
         <subfield code="r">Corinne Bonnet, Colette Jourdain-Annequin --</subfield>
         <subfield code="t">Éléments orientaux dans la religion argienne : Pour un essai d'évaluation /</subfield>
         <subfield code="r">Patrick Marchetti --</subfield>
         <subfield code="t">Entre traditions nationales et intégration : les associations sémitiques du monde grec /</subfield>
         <subfield code="r">Marie-Françoise Baslez --</subfield>
         <subfield code="t">Motivi orientali nel teatro tragico greco /</subfield>
         <subfield code="r">Anna Maria Gloria Capomacchia --</subfield>
         <subfield code="t">Eroi orientali nelle genealogie greche /</subfield>
         <subfield code="r">Carlo Brillante --</subfield>
         <subfield code="t">Da Erwin Rohde ai Rapiuma ugaritici : antecedenti vicino-orientali degli eroi greci? /</subfield>
         <subfield code="r">Paolo Merlo, Paolo Xella --</subfield>
         <subfield code="t">Nuovi dati sul culto degli eroi : una interpretazione di Alceo, 140 V /</subfield>
         <subfield code="r">Amalia Margherita Cirio --</subfield>
      </datafield>
      <datafield tag="505" ind1="8" ind2="0">
         <subfield code="t">Myths about the Netherworld in the Ancient Near East and Their Counterparts in the Greek Religion /</subfield>
         <subfield code="r">Wolfgang Röllig --</subfield>
         <subfield code="t">Les contacts entre Phéniciens et Grecs dans le territoire de Gadir et leur formulation religieuse : Histoire et Mythe /</subfield>
         <subfield code="r">Maria-Cruz Marín Ceballos --</subfield>
         <subfield code="t">Osservazioni egittologiche ad Erodoto /</subfield>
         <subfield code="r">Gabriella Scandone Matthiae --</subfield>
         <subfield code="t">La Grecia, l'Oriente e Pasolini: Riflessioni su Medea /</subfield>
         <subfield code="r">Ileana Chirassi Colombo --</subfield>
         <subfield code="t">Influenze orientali a Tebe? La documentazione archeologica ed epigrafica micenea /</subfield>
         <subfield code="r">Vassilis Aravantinos --</subfield>
         <subfield code="t">Analogie nelle organizzazioni templari orientali e micenee /</subfield>
         <subfield code="r">Enrico Scafa, Marialuisa Alfé --</subfield>
         <subfield code="t">Aspetti del sacerdozio femminile nel Vicino Oriente antico e nel mondo miceneo /</subfield>
         <subfield code="r">Paola Negri Scafa --</subfield>
         <subfield code="t">Lotte di dèi per la supremazia celeste /</subfield>
         <subfield code="r">Franca Pecchioli Daddi --</subfield>
         <subfield code="t">Temi di mitologia anatolica tra Oriente e Occidente : il dio scomparso /</subfield>
         <subfield code="r">Anna Maria Polvani --</subfield>
         <subfield code="t">Aspetti magico-religiosi del giuramento presso gli Ittiti e i Greci /</subfield>
         <subfield code="r">Mauro Giorgieri.</subfield>
      </datafield>
      <datafield tag="651" ind1=" " ind2="0">
         <subfield code="6">880-01</subfield>
         <subfield code="a">Greece</subfield>
         <subfield code="x">Religion</subfield>
         <subfield code="v">Congresses.</subfield>
      </datafield>
      <datafield tag="651" ind1=" " ind2="0">
         <subfield code="a">Greece</subfield>
         <subfield code="x">Civilization</subfield>
         <subfield code="x">Oriental influences</subfield>
         <subfield code="v">Congresses.</subfield>
      </datafield>
      <datafield tag="651" ind1=" " ind2="7">
         <subfield code="a">Hellas.</subfield>
         <subfield code="2">pleiades</subfield>
         <subfield code="0">https://pleiades.stoa.org/places/1001896</subfield>
         <subfield code="5">NyNyUAW</subfield>
      </datafield>
      <datafield tag="650" ind1=" " ind2="7">
         <subfield code="a">Civilization</subfield>
         <subfield code="x">Oriental influences.</subfield>
         <subfield code="2">fast</subfield>
         <subfield code="0">(OCoLC)fst01352384</subfield>
      </datafield>
      <datafield tag="650" ind1=" " ind2="7">
         <subfield code="a">Religion.</subfield>
         <subfield code="2">fast</subfield>
         <subfield code="0">(OCoLC)fst01093763</subfield>
      </datafield>
      <datafield tag="651" ind1=" " ind2="7">
         <subfield code="a">Greece.</subfield>
         <subfield code="2">fast</subfield>
         <subfield code="0">(OCoLC)fst01208380</subfield>
      </datafield>
      <datafield tag="650" ind1="0" ind2="7">
         <subfield code="a">Religion.</subfield>
         <subfield code="0">(DE-588)4049396-9</subfield>
         <subfield code="2">gnd</subfield>
      </datafield>
      <datafield tag="651" ind1=" " ind2="7">
         <subfield code="a">Alter Orient.</subfield>
         <subfield code="0">(DE-588)4001451-4</subfield>
         <subfield code="2">gnd</subfield>
      </datafield>
      <datafield tag="651" ind1=" " ind2="7">
         <subfield code="a">Griechenland (Altertum)</subfield>
         <subfield code="0">(DE-588)4093976-5</subfield>
         <subfield code="2">gnd</subfield>
      </datafield>
      <datafield tag="650" ind1=" " ind2="7">
         <subfield code="a">Grekisk religion</subfield>
         <subfield code="x">främreorientaliska influenser.</subfield>
         <subfield code="2">sao</subfield>
      </datafield>
      <datafield tag="655" ind1=" " ind2="7">
         <subfield code="a">Conference papers and proceedings.</subfield>
         <subfield code="2">fast</subfield>
         <subfield code="0">(OCoLC)fst01423772</subfield>
      </datafield>
      <datafield tag="655" ind1=" " ind2="4">
         <subfield code="a">Kongress</subfield>
         <subfield code="z">Rom</subfield>
         <subfield code="y">1999.</subfield>
      </datafield>
      <datafield tag="700" ind1="1" ind2=" ">
         <subfield code="a">Ribichini, Sergio.</subfield>
      </datafield>
      <datafield tag="700" ind1="1" ind2=" ">
         <subfield code="a">Rocchi, Maria.</subfield>
      </datafield>
      <datafield tag="700" ind1="1" ind2=" ">
         <subfield code="a">Xella, Paolo.</subfield>
      </datafield>
      <datafield tag="776" ind1="0" ind2="8">
         <subfield code="i">Online version:</subfield>
         <subfield code="t">Questione delle influenze vicino-orientali sulla religione greca.</subfield>
         <subfield code="d">Roma : Consiglio nazionale delle ricerche, 2001</subfield>
         <subfield code="w">(OCoLC)988775217</subfield>
      </datafield>
      <datafield tag="880" ind1=" " ind2="4">
         <subfield code="6">651-01/</subfield>
         <subfield code="a">Ελλάδα</subfield>
         <subfield code="x">Θρησκεία</subfield>
         <subfield code="x">Συνέδρια.</subfield>
      </datafield>
      <datafield tag="880" ind1=" " ind2="4">
         <subfield code="6">651-00/</subfield>
         <subfield code="a">Ελλάδα</subfield>
         <subfield code="x">Πολιτισμός</subfield>
         <subfield code="x">Ανατολιτικές επιδράσεις</subfield>
         <subfield code="x">Συνέδρια.</subfield>
      </datafield>
      <datafield tag="830" ind1=" " ind2="0">
         <subfield code="a">Monografie scientifiche.</subfield>
         <subfield code="p">Serie Scienze umane e sociali.</subfield>
      </datafield>
      <datafield tag="856" ind1="4" ind2="1">
         <subfield code="3">Table of contents</subfield>
         <subfield code="u">http://bvbr.bib-bvb.de:8991/F?func=service&amp;doc_library=BVB01&amp;local_base=BVB01&amp;doc_number=009574966&amp;line_number=0001&amp;func_code=DB_RECORDS&amp;service_type=MEDIA</subfield>
      </datafield>
      <datafield tag="OWN" ind1=" " ind2=" ">
         <subfield code="a">GENERAL</subfield>
      </datafield>
      <datafield tag="AVA" ind1=" " ind2=" ">
         <subfield code="a">NYU50</subfield>
         <subfield code="b">NISAW</subfield>
         <subfield code="c">Small Collection</subfield>
         <subfield code="d">BL785 .Q47 2001 Non-circulating</subfield>
         <subfield code="e">available</subfield>
         <subfield code="t">Available</subfield>
         <subfield code="f">1</subfield>
         <subfield code="g">0</subfield>
         <subfield code="h">N</subfield>
         <subfield code="i">0</subfield>
         <subfield code="j">SMALL</subfield>
         <subfield code="k">0</subfield>
      </datafield>
      <marc:datafield tag="852" ind1=" " ind2=" ">
         <marc:subfield code="b">Institute for the Study of the Ancient World, </marc:subfield>
         <marc:subfield code="c">Small Collection</marc:subfield>
         <marc:subfield code="e">15 East 84th St., </marc:subfield>
         <marc:subfield code="e">New York, NY  10028</marc:subfield>
      </marc:datafield>
   </record>