
  
  
  
  
  
  
  
  
 
  
  <record xsi:schemaLocation="http://www.loc.gov/MARC21/slim http://www.loc.gov/standards/marcxml/schema/MARC21slim.xsd">
      <leader>00000cam a2200613 i 4500</leader>
      <controlfield tag="FMT">BK</controlfield>
      <controlfield tag="LDR">00000cam a2200613 i 4500</controlfield>
      <controlfield tag="001">004108582</controlfield>
      <controlfield tag="003">OCoLC</controlfield>
      <controlfield tag="005">20170908120805.0</controlfield>
      <controlfield tag="008">141203s2015    inuab    b    100 0 eng</controlfield>
      <datafield tag="010" ind1=" " ind2=" ">
         <subfield code="a">2014033751</subfield>
      </datafield>
      <datafield tag="020" ind1=" " ind2=" ">
         <subfield code="a">9781575063133</subfield>
         <subfield code="q">(hardback ;</subfield>
         <subfield code="q">alk. paper)</subfield>
      </datafield>
      <datafield tag="020" ind1=" " ind2=" ">
         <subfield code="a">1575063131</subfield>
         <subfield code="q">(hardback ;</subfield>
         <subfield code="q">alk. paper)</subfield>
      </datafield>
      <datafield tag="035" ind1="7" ind2=" ">
         <subfield code="a">ybp10972575</subfield>
      </datafield>
      <datafield tag="035" ind1=" " ind2=" ">
         <subfield code="a">(OCoLC)879527160</subfield>
         <subfield code="z">(OCoLC)903673306</subfield>
      </datafield>
      <datafield tag="040" ind1=" " ind2=" ">
         <subfield code="a">DLC</subfield>
         <subfield code="b">eng</subfield>
         <subfield code="e">rda</subfield>
         <subfield code="c">DLC</subfield>
         <subfield code="d">YDXCP</subfield>
         <subfield code="d">OCLCF</subfield>
         <subfield code="d">COO</subfield>
         <subfield code="d">CHVBK</subfield>
         <subfield code="d">MBB</subfield>
         <subfield code="d">ZCU</subfield>
         <subfield code="d">PUL</subfield>
         <subfield code="d">STF</subfield>
         <subfield code="d">OCLCQ</subfield>
         <subfield code="d">YUS</subfield>
         <subfield code="d">OCLCO</subfield>
         <subfield code="d">OCL</subfield>
         <subfield code="d">ZYU</subfield>
      </datafield>
      <datafield tag="041" ind1="0" ind2=" ">
         <subfield code="a">eng</subfield>
         <subfield code="a">ger</subfield>
         <subfield code="a">fre</subfield>
      </datafield>
      <datafield tag="042" ind1=" " ind2=" ">
         <subfield code="a">pcc</subfield>
      </datafield>
      <datafield tag="043" ind1=" " ind2=" ">
         <subfield code="a">aw-----</subfield>
      </datafield>
      <datafield tag="050" ind1="0" ind2="0">
         <subfield code="a">DS56</subfield>
         <subfield code="b">.R46 2011</subfield>
      </datafield>
      <datafield tag="079" ind1=" " ind2=" ">
         <subfield code="a">(OCoLC)879527160</subfield>
      </datafield>
      <datafield tag="082" ind1="0" ind2="0">
         <subfield code="a">935</subfield>
         <subfield code="2">23</subfield>
      </datafield>
      <datafield tag="111" ind1="2" ind2=" ">
         <subfield code="a">Rencontre assyriologique internationale</subfield>
         <subfield code="n">(57th :</subfield>
         <subfield code="d">2011 :</subfield>
         <subfield code="c">Rome, Italy)</subfield>
      </datafield>
      <datafield tag="245" ind1="1" ind2="0">
         <subfield code="a">Tradition and innovation in the ancient Near East :</subfield>
         <subfield code="b">proceedings of the 57th Rencontre Assyriologique Internationale at Rome 4-8 July 2011 /</subfield>
         <subfield code="c">edited by Alfonso Archi in collaboration with Armando Bramanti.</subfield>
      </datafield>
      <datafield tag="246" ind1="3" ind2="0">
         <subfield code="a">Proceedings of the 57th Rencontre Assyriologique Internationale at Rome 4-8 July 2011</subfield>
      </datafield>
      <datafield tag="264" ind1=" " ind2="1">
         <subfield code="a">Winona Lake, Indiana :</subfield>
         <subfield code="b">Eisenbrauns,</subfield>
         <subfield code="c">2015.</subfield>
      </datafield>
      <datafield tag="300" ind1=" " ind2=" ">
         <subfield code="a">xxvi, 606 pages :</subfield>
         <subfield code="b">illustrations, maps ;</subfield>
         <subfield code="c">26 cm</subfield>
      </datafield>
      <datafield tag="336" ind1=" " ind2=" ">
         <subfield code="a">text</subfield>
         <subfield code="b">txt</subfield>
         <subfield code="2">rdacontent</subfield>
      </datafield>
      <datafield tag="337" ind1=" " ind2=" ">
         <subfield code="a">unmediated</subfield>
         <subfield code="b">n</subfield>
         <subfield code="2">rdamedia</subfield>
      </datafield>
      <datafield tag="338" ind1=" " ind2=" ">
         <subfield code="a">volume</subfield>
         <subfield code="b">nc</subfield>
         <subfield code="2">rdacarrier</subfield>
      </datafield>
      <datafield tag="504" ind1=" " ind2=" ">
         <subfield code="a">Includes bibliographical references.</subfield>
      </datafield>
      <datafield tag="520" ind1=" " ind2=" ">
         <subfield code="a">In July, 2011, the International Association for Assyriology met in Rome, Italy, for 5 days to deliver and listen to papers on the theme "Tradition and Innovation in the Ancient Near East." This volume, the proceedings of the conference, contains more than 40 of the papers read at the 57th annual Rencontre, including 3 plenary lectures/papers, many papers directly connected with the theme, as well as a workshop on parents and children. The papers covered every period of Mesopotamian history, from the third millennium through the end of the first millennium B.C.E. The attendees were warmly hosted by faculty and students from the Universita di Roma "La Sapienza."</subfield>
      </datafield>
      <datafield tag="546" ind1=" " ind2=" ">
         <subfield code="a">Contributions in English, German, and French.</subfield>
      </datafield>
      <datafield tag="505" ind1="0" ind2="0">
         <subfield code="g">Part 1.</subfield>
         <subfield code="t">Opening Lectures.</subfield>
         <subfield code="t">Rückwärts schauend in die Zukunft: Utopien des Alten Orients /</subfield>
         <subfield code="r">Stefan M. Maul --</subfield>
         <subfield code="t">Law and Literature in the Third Millennium B.C. /</subfield>
         <subfield code="r">Claus Wilcke --</subfield>
         <subfield code="t">The Soul in the Stele? /</subfield>
         <subfield code="r">J. David Hawkins.</subfield>
         <subfield code="g">Part 2.</subfield>
         <subfield code="t">Papers.</subfield>
         <subfield code="t">Myth and Ritual through Tradition and Innovation /</subfield>
         <subfield code="r">Dina Katz --</subfield>
         <subfield code="t">A Tale of Twin Cities : Archaeology and the Sumerian King List /</subfield>
         <subfield code="r">Petr Charvát --</subfield>
         <subfield code="t">Where are the Uruk Necropoles? Regional Innovation or Change in Tradition for Northern Mesopotamia /</subfield>
         <subfield code="r">Jesús Gil Fuensanta and Eduardo Crivelli --</subfield>
         <subfield code="t">Changes through Time: The Pit F Sequence at Ur Revisited /</subfield>
         <subfield code="r">Giacomo Benati --</subfield>
         <subfield code="t">Reading Figurines from Ancient Urkeš (2450 B.C.E.) /</subfield>
         <subfield code="r">Rick Hauser --</subfield>
         <subfield code="t">Wooden Carvings of Ebla : Some Open Questions /</subfield>
         <subfield code="r">Rita Dolce --</subfield>
         <subfield code="t">The Aesthetic Lexicon of Ebla's Composite Art during the Age of the Archives /</subfield>
         <subfield code="r">Marco Ramazzotti --</subfield>
         <subfield code="t">Dugurasu = rw-ḥ3wt /</subfield>
         <subfield code="r">Alessandro Roccati --</subfield>
         <subfield code="t">More on Pre-Sargonic Umma /</subfield>
         <subfield code="r">Salvatore F. Monaco --</subfield>
      </datafield>
      <datafield tag="505" ind1="0" ind2="0">
         <subfield code="9"/>
         <subfield code="t">Professional Figures and Administrative Roles in the Garden (ĝeškiri6) Management of Ur III Ĝirsu /</subfield>
         <subfield code="r">Angela Greco --</subfield>
         <subfield code="t">Tradition and Innovation in Šulgi's Concept of Divine Kingship /</subfield>
         <subfield code="r">Ludĕk Vacín --</subfield>
         <subfield code="t">Bemerkungen zur Entwicklung der Beschwörungen des Marduk-Ea-Typs : Die Rolle Enlils /</subfield>
         <subfield code="r">Manuel Ceccarelli --</subfield>
         <subfield code="t">Prophecy in the Mari Texts as an Innovative Development /</subfield>
         <subfield code="r">Herbert B. Huffmon --</subfield>
         <subfield code="t">Mathematical Lists : From Archiving to Innovation /</subfield>
         <subfield code="r">Christine Proust --</subfield>
         <subfield code="t">Die lexikalische serie á=idu /</subfield>
         <subfield code="r">Frauke Weiershäuser --</subfield>
         <subfield code="t">The Rituals of Power : The Akkadian Tradition in Neo-Assyrian Policy /</subfield>
         <subfield code="r">Krzystof Ulanowski --</subfield>
         <subfield code="t">Innovation and Tradition within the Sphere of Neo-Assyrian Officialdom /</subfield>
         <subfield code="r">Melanie Gross --</subfield>
         <subfield code="t">Tradition and Innovation in the Neo-Assyrian Reliefs /</subfield>
         <subfield code="r">Nicolas Gillman --</subfield>
         <subfield code="t">Une Armure Expérimentale du Premier Millénaire av. J.-C. /</subfield>
         <subfield code="r">Fabrice de Backer --</subfield>
      </datafield>
      <datafield tag="505" ind1="0" ind2="0">
         <subfield code="9"/>
         <subfield code="t">A Group of Seals and Seal Impressions from the Neo-Assyrian Colony Tell Masaikh-Kar-Assurnasirpal with More Ancient Motifs /</subfield>
         <subfield code="r">Paola Poli --</subfield>
         <subfield code="t">Spätbabylonische Urkunden : Original, Kopie, Abschrift /</subfield>
         <subfield code="r">Jürgen Lorenz --</subfield>
         <subfield code="t">Traditional Claims of an Illustrious Ancestor in Craftsmanship and in Wisdom /</subfield>
         <subfield code="r">Daniel Bodi --</subfield>
         <subfield code="t">New Phraseology and Literary Style in the Babylonian Version of the Achaemenid Inscriptions /</subfield>
         <subfield code="r">Parsa Daneshmand --</subfield>
         <subfield code="t">Aspects of Royal Authority and Local Competence : A Perspective from Nuzi /</subfield>
         <subfield code="r">Anne Löhnert --</subfield>
         <subfield code="t">Continuity and Discontinuity in a Nuzi Scribal Family /</subfield>
         <subfield code="r">Paola Negri Scafa --</subfield>
         <subfield code="t">Mission at Arrapḫa /</subfield>
         <subfield code="r">Dave Deuel --</subfield>
         <subfield code="t">Geopolitical Patterns and Connectivity in the upper Khabur Valley in the Middle Bronze Age /</subfield>
         <subfield code="r">Alessio Palmisano --</subfield>
         <subfield code="t">Writing Sumerian in the West /</subfield>
         <subfield code="r">Maurizio Viano --</subfield>
         <subfield code="t">Territorial Administration in Alalaḫ during Level IV /</subfield>
         <subfield code="r">Alvise Matessi --</subfield>
         <subfield code="t">Reciprocity and Commerce in Bronze and Iron Age Anatolia /</subfield>
         <subfield code="r">H. Craig Melchert --</subfield>
      </datafield>
      <datafield tag="505" ind1="0" ind2="0">
         <subfield code="9"/>
         <subfield code="t">Hittite Clitic Doubling as an Innovative Category : Its Origin /</subfield>
         <subfield code="r">Andrej V. Sideltsev --</subfield>
         <subfield code="t">Memory and Tradition of the Hittite Empire in the post-Hittite period /</subfield>
         <subfield code="r">Maria Elena Balza and Clelia Mora --</subfield>
         <subfield code="t">Fortifications and Arming as Analytical Elements for a Social-Policy Evolution in Anatolia in the Early Bronze Age /</subfield>
         <subfield code="r">Tommaso de Vincenzi --</subfield>
         <subfield code="t">Amurru in der königlichen Ideologie und Tradition : von Ebla bis Israel /</subfield>
         <subfield code="r">Pavel Čech --</subfield>
         <subfield code="t">The Assyrian Tree of Life and the Jewish Menorah /</subfield>
         <subfield code="r">Christos G. Karagiannis --</subfield>
         <subfield code="t">The Ponderal Systems of Qatna /</subfield>
         <subfield code="r">Luigi Turri --</subfield>
         <subfield code="t">French Excavations in Qasr Shemamok-Kilizu (Iraqi Kurdistan) : The First Mission (2011) /</subfield>
         <subfield code="r">Olivier Rouault and Maria Grazia Masetti-Rouault --</subfield>
         <subfield code="t">The Present in our Past : the Assyrian Rock Reliefs at Nahr El-Kalb and the Lessons of Tradition /</subfield>
         <subfield code="r">Ann Shafer --</subfield>
         <subfield code="t">Oriental Studies and Fascism in Spain /</subfield>
         <subfield code="r">Agnès Garcia-Ventura and Jordi Vidal.</subfield>
         <subfield code="g">Part 3.</subfield>
         <subfield code="t">Workshop: From Parents to Children.</subfield>
      </datafield>
      <datafield tag="505" ind1="0" ind2="0">
         <subfield code="9"/>
         <subfield code="t">From Parents to Children : Ebla /</subfield>
         <subfield code="r">Alfonso Archi --</subfield>
         <subfield code="t">Family Firms in the Ur III Period /</subfield>
         <subfield code="r">Steven J. Garfinkle --</subfield>
         <subfield code="t">A Chip off the Old Block : The Transmission of Titles and Offices within the Family in Old Babylonian Sippar /</subfield>
         <subfield code="r">Michel Tanret --</subfield>
         <subfield code="t">The Tradition of Professions within Families at Nuzi /</subfield>
         <subfield code="r">Jeanette C. Fincke --</subfield>
         <subfield code="t">Crafts and Craftsmen at Ugarit /</subfield>
         <subfield code="r">Wilfred Van Soldt --</subfield>
         <subfield code="t">Hereditary Transmision of Specialized Knowledge in Hittite Anatolia : The Case of the Scribal Families of the Empire Period /</subfield>
         <subfield code="r">Giulia Torri --</subfield>
         <subfield code="t">The Transmission of Offices, Professions, and Crafts within the Family in the Neo-Assyrian Period /</subfield>
         <subfield code="r">Heather D. Baker --</subfield>
         <subfield code="t">Families, Officialdom, and Families of Royal Officials in Chaldean and Achaemenid Babylonia /</subfield>
         <subfield code="r">M. Jursa.</subfield>
      </datafield>
      <datafield tag="651" ind1=" " ind2="0">
         <subfield code="a">Middle East</subfield>
         <subfield code="x">Civilization</subfield>
         <subfield code="y">To 622</subfield>
         <subfield code="v">Congresses.</subfield>
      </datafield>
      <datafield tag="651" ind1=" " ind2="0">
         <subfield code="a">Middle East</subfield>
         <subfield code="x">History</subfield>
         <subfield code="y">To 622</subfield>
         <subfield code="v">Congresses.</subfield>
      </datafield>
      <datafield tag="650" ind1=" " ind2="0">
         <subfield code="a">Assyriology</subfield>
         <subfield code="v">Congresses.</subfield>
      </datafield>
      <datafield tag="650" ind1=" " ind2="7">
         <subfield code="a">Assyriology.</subfield>
         <subfield code="2">fast</subfield>
         <subfield code="0">(OCoLC)fst00819244</subfield>
      </datafield>
      <datafield tag="650" ind1=" " ind2="7">
         <subfield code="a">Civilization.</subfield>
         <subfield code="2">fast</subfield>
         <subfield code="0">(OCoLC)fst00862898</subfield>
      </datafield>
      <datafield tag="651" ind1=" " ind2="7">
         <subfield code="a">Middle East.</subfield>
         <subfield code="2">fast</subfield>
         <subfield code="0">(OCoLC)fst01241586</subfield>
      </datafield>
      <datafield tag="650" ind1=" " ind2="7">
         <subfield code="a">Tradition.</subfield>
         <subfield code="2">gnd</subfield>
      </datafield>
      <datafield tag="650" ind1=" " ind2="7">
         <subfield code="a">Innovation.</subfield>
         <subfield code="2">gnd</subfield>
      </datafield>
      <datafield tag="651" ind1=" " ind2="7">
         <subfield code="a">Alter Orient.</subfield>
         <subfield code="2">gnd</subfield>
      </datafield>
      <datafield tag="648" ind1=" " ind2="7">
         <subfield code="a">To 622.</subfield>
         <subfield code="2">fast</subfield>
      </datafield>
      <datafield tag="655" ind1=" " ind2="7">
         <subfield code="a">Conference papers and proceedings.</subfield>
         <subfield code="2">fast</subfield>
         <subfield code="0">(OCoLC)fst01423772</subfield>
      </datafield>
      <datafield tag="700" ind1="1" ind2=" ">
         <subfield code="a">Archi, Alfonso.</subfield>
      </datafield>
      <datafield tag="700" ind1="1" ind2=" ">
         <subfield code="a">Bramanti, Armando.</subfield>
      </datafield>
      <datafield tag="OWN" ind1=" " ind2=" ">
         <subfield code="a">GENERAL</subfield>
      </datafield>
      <datafield tag="AVA" ind1=" " ind2=" ">
         <subfield code="a">NYU50</subfield>
         <subfield code="b">BOBST</subfield>
         <subfield code="c">Main Collection</subfield>
         <subfield code="d">DS56 .R46 2011</subfield>
         <subfield code="e">available</subfield>
         <subfield code="t">Available</subfield>
         <subfield code="f">1</subfield>
         <subfield code="g">0</subfield>
         <subfield code="h">N</subfield>
         <subfield code="i">0</subfield>
         <subfield code="j">MAIN</subfield>
         <subfield code="k">0</subfield>
      </datafield>
      <datafield tag="AVA" ind1=" " ind2=" ">
         <subfield code="a">NYU50</subfield>
         <subfield code="b">NISAW</subfield>
         <subfield code="c">Small Collection</subfield>
         <subfield code="d">DS56 .R46 2011 Non-circulating</subfield>
         <subfield code="e">available</subfield>
         <subfield code="t">Available</subfield>
         <subfield code="f">1</subfield>
         <subfield code="g">0</subfield>
         <subfield code="h">N</subfield>
         <subfield code="i">0</subfield>
         <subfield code="j">SMALL</subfield>
         <subfield code="k">0</subfield>
      </datafield>
      <marc:datafield tag="852" ind1=" " ind2=" ">
         <marc:subfield code="b">Institute for the Study of the Ancient World, </marc:subfield>
         <marc:subfield code="c">Small Collection</marc:subfield>
         <marc:subfield code="e">15 East 84th St., </marc:subfield>
         <marc:subfield code="e">New York, NY  10028</marc:subfield>
      </marc:datafield>
   </record>