
  
  
  
  
  
  
  
  
  
 
  
  <record xsi:schemaLocation="http://www.loc.gov/MARC21/slim http://www.loc.gov/standards/marcxml/schema/MARC21slim.xsd">
      <leader>00000cam a2200673 a 4500</leader>
      <controlfield tag="FMT">BK</controlfield>
      <controlfield tag="LDR">00000cam a2200673 a 4500</controlfield>
      <controlfield tag="001">003325883</controlfield>
      <controlfield tag="003">OCoLC</controlfield>
      <controlfield tag="005">20170815143354.0</controlfield>
      <controlfield tag="008">091224s2010    ctu      b    000 0 eng</controlfield>
      <datafield tag="010" ind1=" " ind2=" ">
         <subfield code="a">2009053219</subfield>
      </datafield>
      <datafield tag="020" ind1=" " ind2=" ">
         <subfield code="a">9780940490239</subfield>
         <subfield code="q">(hc ;</subfield>
         <subfield code="q">alk. paper)</subfield>
      </datafield>
      <datafield tag="020" ind1=" " ind2=" ">
         <subfield code="a">0940490234</subfield>
      </datafield>
      <datafield tag="035" ind1="7" ind2=" ">
         <subfield code="a">ybp2725982</subfield>
         <subfield code="b">40017807036</subfield>
      </datafield>
      <datafield tag="035" ind1=" " ind2=" ">
         <subfield code="a">(OCoLC)495545354</subfield>
      </datafield>
      <datafield tag="040" ind1=" " ind2=" ">
         <subfield code="a">DLC</subfield>
         <subfield code="b">eng</subfield>
         <subfield code="c">DLC</subfield>
         <subfield code="d">YDX</subfield>
         <subfield code="d">CDX</subfield>
         <subfield code="d">YDXCP</subfield>
         <subfield code="d">GEBAY</subfield>
         <subfield code="d">BWX</subfield>
         <subfield code="d">DEBBG</subfield>
         <subfield code="d">OCLCF</subfield>
         <subfield code="d">OCLCQ</subfield>
         <subfield code="d">CHVBK</subfield>
         <subfield code="d">OCLCO</subfield>
         <subfield code="d">OCL</subfield>
         <subfield code="d">OCLCQ</subfield>
         <subfield code="d">S3O</subfield>
         <subfield code="d">ZYU</subfield>
      </datafield>
      <datafield tag="043" ind1=" " ind2=" ">
         <subfield code="a">a-iq---</subfield>
      </datafield>
      <datafield tag="050" ind1="0" ind2="0">
         <subfield code="a">DS71</subfield>
         <subfield code="b">.R43 2010</subfield>
      </datafield>
      <datafield tag="079" ind1=" " ind2=" ">
         <subfield code="a">(OCoLC)495545354</subfield>
      </datafield>
      <datafield tag="082" ind1="0" ind2="0">
         <subfield code="a">935</subfield>
         <subfield code="2">22</subfield>
      </datafield>
      <datafield tag="084" ind1=" " ind2=" ">
         <subfield code="a">NG 4060</subfield>
         <subfield code="2">rvk</subfield>
      </datafield>
      <datafield tag="245" ind1="0" ind2="0">
         <subfield code="a">Rebellions and peripheries in the cuneiform world /</subfield>
         <subfield code="c">edited by Seth Richardson.</subfield>
      </datafield>
      <datafield tag="260" ind1=" " ind2=" ">
         <subfield code="a">New Haven, Conn. :</subfield>
         <subfield code="b">American Oriental Society,</subfield>
         <subfield code="c">2010.</subfield>
      </datafield>
      <datafield tag="300" ind1=" " ind2=" ">
         <subfield code="a">xxxii, 109 pages ;</subfield>
         <subfield code="c">27 cm.</subfield>
      </datafield>
      <datafield tag="336" ind1=" " ind2=" ">
         <subfield code="a">text</subfield>
         <subfield code="b">txt</subfield>
         <subfield code="2">rdacontent</subfield>
      </datafield>
      <datafield tag="337" ind1=" " ind2=" ">
         <subfield code="a">unmediated</subfield>
         <subfield code="b">n</subfield>
         <subfield code="2">rdamedia</subfield>
      </datafield>
      <datafield tag="338" ind1=" " ind2=" ">
         <subfield code="a">volume</subfield>
         <subfield code="b">nc</subfield>
         <subfield code="2">rdacarrier</subfield>
      </datafield>
      <datafield tag="490" ind1="1" ind2=" ">
         <subfield code="a">American Oriental series ;</subfield>
         <subfield code="v">v. 91</subfield>
      </datafield>
      <datafield tag="504" ind1=" " ind2=" ">
         <subfield code="a">Includes bibliographical references.</subfield>
      </datafield>
      <datafield tag="505" ind1="0" ind2="0">
         <subfield code="t">Writing rebellion back into the record : a methodologies toolkit /</subfield>
         <subfield code="r">Seth Richardson --</subfield>
         <subfield code="t">Rebellions and peripheries in Sumerian royal literature /</subfield>
         <subfield code="r">Nicole Brisch --</subfield>
         <subfield code="t">Preventing rebellion through the creation of symbolic ties of kinship in Syria and Mesopotamia during the second millennium B.C. /</subfield>
         <subfield code="r">Amanda H. Podany --</subfield>
         <subfield code="t">The law and politics of rebellion in the late Bronze Age /</subfield>
         <subfield code="r">Raymond Westbrook --</subfield>
         <subfield code="t">Kings of Tabal : politics, competition, and conflict in a contested periphery /</subfield>
         <subfield code="r">Sarah C. Melville.</subfield>
      </datafield>
      <datafield tag="651" ind1=" " ind2="0">
         <subfield code="a">Iraq</subfield>
         <subfield code="x">Politics and government.</subfield>
      </datafield>
      <datafield tag="651" ind1=" " ind2="0">
         <subfield code="a">Iraq</subfield>
         <subfield code="x">History</subfield>
         <subfield code="y">To 634.</subfield>
      </datafield>
      <datafield tag="651" ind1=" " ind2="0">
         <subfield code="a">Iraq</subfield>
         <subfield code="x">Civilization</subfield>
         <subfield code="y">To 634.</subfield>
      </datafield>
      <datafield tag="650" ind1=" " ind2="0">
         <subfield code="a">Political crimes and offenses</subfield>
         <subfield code="z">Iraq</subfield>
         <subfield code="x">History.</subfield>
      </datafield>
      <datafield tag="651" ind1=" " ind2="7">
         <subfield code="a">Mesopotamien.</subfield>
         <subfield code="0">(DE-588)4038788-4</subfield>
         <subfield code="2">gnd</subfield>
      </datafield>
      <datafield tag="650" ind1=" " ind2="7">
         <subfield code="a">Aufstand.</subfield>
         <subfield code="2">idszbz</subfield>
      </datafield>
      <datafield tag="651" ind1=" " ind2="7">
         <subfield code="a">Mesopotamien.</subfield>
         <subfield code="2">idszbz</subfield>
      </datafield>
      <datafield tag="651" ind1=" " ind2="7">
         <subfield code="a">Irak</subfield>
         <subfield code="x">politik och förvaltning.</subfield>
         <subfield code="2">sao</subfield>
      </datafield>
      <datafield tag="651" ind1=" " ind2="7">
         <subfield code="a">Irak</subfield>
         <subfield code="x">historia</subfield>
         <subfield code="y">till 634.</subfield>
         <subfield code="2">sao</subfield>
      </datafield>
      <datafield tag="648" ind1=" " ind2="7">
         <subfield code="a">Geschichte.</subfield>
         <subfield code="2">swd</subfield>
      </datafield>
      <datafield tag="648" ind1=" " ind2="7">
         <subfield code="a">To 634.</subfield>
         <subfield code="2">fast</subfield>
      </datafield>
      <datafield tag="648" ind1=" " ind2="4">
         <subfield code="a">Geschichte.</subfield>
      </datafield>
      <datafield tag="700" ind1="1" ind2=" ">
         <subfield code="a">Richardson, Seth Francis Corning,</subfield>
         <subfield code="d">1968-</subfield>
      </datafield>
      <datafield tag="776" ind1="0" ind2="8">
         <subfield code="i">Online version:</subfield>
         <subfield code="t">Rebellions and peripheries in the cuneiform world.</subfield>
         <subfield code="d">New Haven, Conn. : American Oriental Society, 2010</subfield>
         <subfield code="w">(OCoLC)760268047</subfield>
      </datafield>
      <datafield tag="830" ind1=" " ind2="0">
         <subfield code="a">American oriental series ;</subfield>
         <subfield code="v">v. 91.</subfield>
      </datafield>
      <datafield tag="856" ind1="4" ind2="1">
         <subfield code="3">Table of contents</subfield>
         <subfield code="u">http://bvbr.bib-bvb.de:8991/F?func=service&amp;doc_library=BVB01&amp;doc_number=020220917&amp;line_number=0001&amp;func_code=DB_RECORDS&amp;service_type=MEDIA</subfield>
      </datafield>
      <datafield tag="856" ind1="4" ind2="1">
         <subfield code="3">Table of contents</subfield>
         <subfield code="u">http://bvbr.bib-bvb.de:8991/F?func=service&amp;doc_library=BVB01&amp;doc_number=020220917&amp;line_number=0002&amp;func_code=DB_RECORDS&amp;service_type=MEDIA</subfield>
      </datafield>
      <datafield tag="856" ind1="4" ind2="1">
         <subfield code="3">Table of contents</subfield>
         <subfield code="u">http://bvbr.bib-bvb.de:8991/F?func=service&amp;doc_library=BVB01&amp;local_base=BVB01&amp;doc_number=020220917&amp;line_number=0001&amp;func_code=DB_RECORDS&amp;service_type=MEDIA</subfield>
      </datafield>
      <datafield tag="OWN" ind1=" " ind2=" ">
         <subfield code="a">GENERAL</subfield>
      </datafield>
      <datafield tag="AVA" ind1=" " ind2=" ">
         <subfield code="a">NYU50</subfield>
         <subfield code="b">BOBST</subfield>
         <subfield code="c">Main Collection</subfield>
         <subfield code="d">DS71 .R43 2010</subfield>
         <subfield code="e">available</subfield>
         <subfield code="t">Available</subfield>
         <subfield code="f">1</subfield>
         <subfield code="g">0</subfield>
         <subfield code="h">N</subfield>
         <subfield code="i">17</subfield>
         <subfield code="j">MAIN</subfield>
         <subfield code="k">0</subfield>
      </datafield>
      <datafield tag="AVA" ind1=" " ind2=" ">
         <subfield code="a">NYU50</subfield>
         <subfield code="b">NISAW</subfield>
         <subfield code="c">Small Collection</subfield>
         <subfield code="d">DS71 .R43 2010 Non-circulating</subfield>
         <subfield code="e">available</subfield>
         <subfield code="t">Available</subfield>
         <subfield code="f">1</subfield>
         <subfield code="g">0</subfield>
         <subfield code="h">N</subfield>
         <subfield code="i">1</subfield>
         <subfield code="j">SMALL</subfield>
         <subfield code="k">0</subfield>
      </datafield>
      <marc:datafield tag="852" ind1=" " ind2=" ">
         <marc:subfield code="b">Institute for the Study of the Ancient World, </marc:subfield>
         <marc:subfield code="c">Small Collection</marc:subfield>
         <marc:subfield code="e">15 East 84th St., </marc:subfield>
         <marc:subfield code="e">New York, NY  10028</marc:subfield>
      </marc:datafield>
   </record>