
  
  
  
  
  
  
  
  
  
  
  
 
  
  <record xsi:schemaLocation="http://www.loc.gov/MARC21/slim http://www.loc.gov/standards/marcxml/schema/MARC21slim.xsd">
      <leader>00000cam a2200541Ii 4500</leader>
      <controlfield tag="FMT">BK</controlfield>
      <controlfield tag="LDR">00000cam a2200541Ii 4500</controlfield>
      <controlfield tag="001">005683600</controlfield>
      <controlfield tag="003">OCoLC</controlfield>
      <controlfield tag="005">20171116160730.0</controlfield>
      <controlfield tag="008">170307s2016    it abe   b    000 0deng d</controlfield>
      <datafield tag="020" ind1=" " ind2=" ">
         <subfield code="a">9788880802167</subfield>
         <subfield code="q">paperback</subfield>
      </datafield>
      <datafield tag="020" ind1=" " ind2=" ">
         <subfield code="a">888080216X</subfield>
         <subfield code="q">paperback</subfield>
      </datafield>
      <datafield tag="035" ind1=" " ind2=" ">
         <subfield code="a">(OCoLC)974705846</subfield>
      </datafield>
      <datafield tag="040" ind1=" " ind2=" ">
         <subfield code="a">JHE</subfield>
         <subfield code="b">eng</subfield>
         <subfield code="e">rda</subfield>
         <subfield code="c">JHE</subfield>
         <subfield code="d">OCLCO</subfield>
         <subfield code="d">C3L</subfield>
         <subfield code="d">OCL</subfield>
         <subfield code="d">ZYU</subfield>
         <subfield code="d">OCL</subfield>
         <subfield code="d">ZYU</subfield>
      </datafield>
      <datafield tag="041" ind1=" " ind2=" ">
         <subfield code="a">eng</subfield>
         <subfield code="a">fre</subfield>
         <subfield code="a">ita</subfield>
         <subfield code="b">eng</subfield>
      </datafield>
      <datafield tag="043" ind1=" " ind2=" ">
         <subfield code="a">mm-----</subfield>
         <subfield code="a">aw-----</subfield>
      </datafield>
      <datafield tag="050" ind1=" " ind2="4">
         <subfield code="a">DS81</subfield>
         <subfield code="b">.T72 2016</subfield>
      </datafield>
      <datafield tag="079" ind1=" " ind2=" ">
         <subfield code="a">(OCoLC)974705846</subfield>
      </datafield>
      <datafield tag="082" ind1="1" ind2="4">
         <subfield code="a">930</subfield>
         <subfield code="2">14</subfield>
      </datafield>
      <datafield tag="245" ind1="0" ind2="0">
         <subfield code="a">Transformations and crisis in the Mediterranean :</subfield>
         <subfield code="b">"identity" and interculturality in the Levant and Phoenician West during the 8th-5th centuries BCE /</subfield>
         <subfield code="c">edited by Giuseppe Garbati and Tatiana Pedrazzi.</subfield>
      </datafield>
      <datafield tag="264" ind1=" " ind2="1">
         <subfield code="a">Roma :</subfield>
         <subfield code="b">CNR--Istituto di studi sul Mediterraneo antico, CNR Edizioni,</subfield>
         <subfield code="c">2016.</subfield>
      </datafield>
      <datafield tag="300" ind1=" " ind2=" ">
         <subfield code="a">300 pages :</subfield>
         <subfield code="b">illustrations, maps, plans ;</subfield>
         <subfield code="c">27 cm</subfield>
      </datafield>
      <datafield tag="336" ind1=" " ind2=" ">
         <subfield code="a">text</subfield>
         <subfield code="b">txt</subfield>
         <subfield code="2">rdacontent</subfield>
      </datafield>
      <datafield tag="337" ind1=" " ind2=" ">
         <subfield code="a">unmediated</subfield>
         <subfield code="b">n</subfield>
         <subfield code="2">rdamedia</subfield>
      </datafield>
      <datafield tag="338" ind1=" " ind2=" ">
         <subfield code="a">volume</subfield>
         <subfield code="b">nc</subfield>
         <subfield code="2">rdacarrier</subfield>
      </datafield>
      <datafield tag="500" ind1=" " ind2=" ">
         <subfield code="a">This volume is follow-up to the previously published proceedings of the international conference held at the Aula Marconi, Consiglio Nazionale delle Richerche, Rome (8-9 May 2013) entitled: Trasformazioni e crisi nel Mediterraneo, "Identità" e Interculturalità nel levante e nell'occidente fenicio tra XII e VII sec. a.C</subfield>
      </datafield>
      <datafield tag="500" ind1=" " ind2=" ">
         <subfield code="a">"Supplemento alla Rivista di studi fenici"--Page opposite title page.</subfield>
      </datafield>
      <datafield tag="504" ind1=" " ind2=" ">
         <subfield code="a">Includes bibliographical references.</subfield>
      </datafield>
      <datafield tag="546" ind1=" " ind2=" ">
         <subfield code="a">Texts in English, French, and Italian, with abstracts in English.</subfield>
      </datafield>
      <datafield tag="505" ind1="0" ind2="0">
         <subfield code="t">The Levant and Beyond.</subfield>
         <subfield code="t">Transformations and Crisis in the Mediterranean (8th-5th century BCE) : The Levant and Beyond: An Introduction /</subfield>
         <subfield code="r">Tatiana Pedrazzi --</subfield>
         <subfield code="t">Material Identity in Northern Levant during the 8th Century BCE: The Example from Chatal Höyük /</subfield>
         <subfield code="r">Marina Pucci --</subfield>
         <subfield code="t">Phoenician Identity through Retro-Glyptic : Egyptian Psedo-Inscriptions and the Neo-"Hyksos" Style on Iron Age II-III Phoenician and Hebrew Seals /</subfield>
         <subfield code="r">Vanessa Boschloos --</subfield>
         <subfield code="t">Acheter la terre promise: les contrats d'achat de la terre et leur rôle dans la dèfinition ethnique de l'ancien Israël /</subfield>
         <subfield code="r">Fabio Porzia --</subfield>
         <subfield code="t">Multiple Identities in Cyprus from the 8th to the 5th century BCE: The Epigraphic and Iconographic Evidence from Cypriot Sanctuaries /</subfield>
         <subfield code="r">Anja Ulbrich --</subfield>
         <subfield code="t">The Levant as Viewed from the East: How the Achaemenids Represented and Constructed the Identity of the Phoenicians and other Levantine Peoples /</subfield>
         <subfield code="r">Tatiana Pedrazzi --</subfield>
         <subfield code="t">Identity and Crisis: Identity in Crisis? A Look into Burial Customs /</subfield>
         <subfield code="r">Bärbel Morstadt.</subfield>
      </datafield>
      <datafield tag="505" ind1="8" ind2="0">
         <subfield code="t">Towards the Phoenician West.</subfield>
         <subfield code="t">Transformations and Crisis in the Mediterranean (8th-5th century BCE) : Towards the Phoenician West : An Introduction /</subfield>
         <subfield code="r">Giuseppe Garbati --</subfield>
         <subfield code="t">Identità, identificazione sociale e fatti culturali : osservazioni sul mondo della diaspora fenicia e alcune sue transformazioni (VIII-VI sec. a.C.) /</subfield>
         <subfield code="r">Valentine Melchiorri --</subfield>
         <subfield code="t">Qui êtes-vous? Où habitez-vous? Données sur l'architecture et la morphologie urbaine de la Carthage archaïque : apports et limites pour l'étude de phénomènes identitaires /</subfield>
         <subfield code="r">Iván Fumadó Ortega --</subfield>
         <subfield code="t">Identità e scrittura : phoinikazein in Sicilia e nell'Occidente fenicio? Per una metodologia della ricerca /</subfield>
         <subfield code="r">Rossana de Simone --</subfield>
         <subfield code="t">"Hidden Identities": Observations on the "Grinning" Phoenician Masks of Sardinia /</subfield>
         <subfield code="r">Giuseppe Garbati --</subfield>
         <subfield code="t">Tradizione e identità nelle communità miste : Il Sulcis (Sardegna sud-occidentale) fra la fine del VII e la prima metà del VI sec. a.C /</subfield>
         <subfield code="r">Carla Perra --</subfield>
         <subfield code="t">L'interazione culturale etrusco-fenicia nell'area medio-tirrencia: il caso agylleo /</subfield>
         <subfield code="r">Vincenzo Bellelli --</subfield>
         <subfield code="t">Ethnicity and Cultural Identity among Phoenician Communities in Iberia /</subfield>
         <subfield code="r">Eduardo Ferrer Albelda --</subfield>
         <subfield code="t">The Tagus Estuary (Portual) During the 8th-5th Century BCE: Stage of Transformation and Construction of Identity /</subfield>
         <subfield code="r">Elisa Sousa.</subfield>
      </datafield>
      <datafield tag="650" ind1=" " ind2="0">
         <subfield code="a">Phoenicians</subfield>
         <subfield code="x">History.</subfield>
      </datafield>
      <datafield tag="650" ind1=" " ind2="0">
         <subfield code="a">Phoenicians</subfield>
         <subfield code="z">Mediterranean Region.</subfield>
      </datafield>
      <datafield tag="651" ind1=" " ind2="0">
         <subfield code="a">Middle East</subfield>
         <subfield code="x">History</subfield>
         <subfield code="y">To 622.</subfield>
      </datafield>
      <datafield tag="650" ind1=" " ind2="7">
         <subfield code="a">Phoenicians.</subfield>
         <subfield code="2">fast</subfield>
         <subfield code="0">(OCoLC)fst01061214</subfield>
      </datafield>
      <datafield tag="651" ind1=" " ind2="7">
         <subfield code="a">Mediterranean Region.</subfield>
         <subfield code="2">fast</subfield>
         <subfield code="0">(OCoLC)fst01239752</subfield>
      </datafield>
      <datafield tag="651" ind1=" " ind2="7">
         <subfield code="a">Middle East.</subfield>
         <subfield code="2">fast</subfield>
         <subfield code="0">(OCoLC)fst01241586</subfield>
      </datafield>
      <datafield tag="648" ind1=" " ind2="7">
         <subfield code="a">To 622.</subfield>
         <subfield code="2">fast</subfield>
      </datafield>
      <datafield tag="655" ind1=" " ind2="7">
         <subfield code="a">History.</subfield>
         <subfield code="2">fast</subfield>
         <subfield code="0">(OCoLC)fst01411628</subfield>
      </datafield>
      <datafield tag="700" ind1="1" ind2=" ">
         <subfield code="a">Garbati, Giuseppe,</subfield>
         <subfield code="e">editor.</subfield>
      </datafield>
      <datafield tag="700" ind1="1" ind2=" ">
         <subfield code="a">Pedrazzi, T.</subfield>
         <subfield code="q">(Tatiana),</subfield>
         <subfield code="e">editor.</subfield>
      </datafield>
      <datafield tag="710" ind1="2" ind2=" ">
         <subfield code="a">Consiglio nazionale delle ricerche (Italy),</subfield>
         <subfield code="e">issuing body.</subfield>
      </datafield>
      <datafield tag="710" ind1="2" ind2=" ">
         <subfield code="a">Istituto di studi sul Mediterraneo antico,</subfield>
         <subfield code="e">issuing body.</subfield>
      </datafield>
      <datafield tag="772" ind1="0" ind2="8">
         <subfield code="i">Supplement to (work):</subfield>
         <subfield code="a">Rivista di studi fenici</subfield>
         <subfield code="w">(OCoLC)2438951</subfield>
      </datafield>
      <datafield tag="OWN" ind1=" " ind2=" ">
         <subfield code="a">GENERAL</subfield>
      </datafield>
      <datafield tag="AVA" ind1=" " ind2=" ">
         <subfield code="a">NYU50</subfield>
         <subfield code="b">NISAW</subfield>
         <subfield code="c">Large Collection</subfield>
         <subfield code="d">DS81 .T72 2016 Non-circulating</subfield>
         <subfield code="e">available</subfield>
         <subfield code="t">Available</subfield>
         <subfield code="f">1</subfield>
         <subfield code="g">0</subfield>
         <subfield code="h">N</subfield>
         <subfield code="i">0</subfield>
         <subfield code="j">LARGE</subfield>
         <subfield code="k">0</subfield>
      </datafield>
      <marc:datafield tag="852" ind1=" " ind2=" ">
         <marc:subfield code="b">Institute for the Study of the Ancient World, </marc:subfield>
         <marc:subfield code="c">Large Collection</marc:subfield>
         <marc:subfield code="e">15 East 84th St., </marc:subfield>
         <marc:subfield code="e">New York, NY  10028</marc:subfield>
      </marc:datafield>
   </record>