
  
  
  
  
  
  
  
  
  
  
 
  
  <record xsi:schemaLocation="http://www.loc.gov/MARC21/slim http://www.loc.gov/standards/marcxml/schema/MARC21slim.xsd">
      <leader>00000cam a22005291  4500</leader>
      <controlfield tag="FMT">BK</controlfield>
      <controlfield tag="LDR">00000cam a22005291  4500</controlfield>
      <controlfield tag="001">002086381</controlfield>
      <controlfield tag="003">OCoLC</controlfield>
      <controlfield tag="005">20171116155442.0</controlfield>
      <controlfield tag="008">730713s1972    nyua     b    000 0 eng</controlfield>
      <datafield tag="010" ind1=" " ind2=" ">
         <subfield code="a">79092798</subfield>
      </datafield>
      <datafield tag="035" ind1=" " ind2=" ">
         <subfield code="a">(OCoLC)561983</subfield>
         <subfield code="z">(OCoLC)669765333</subfield>
         <subfield code="z">(OCoLC)844708477</subfield>
         <subfield code="z">(OCoLC)977298022</subfield>
         <subfield code="z">(OCoLC)1008421267</subfield>
      </datafield>
      <datafield tag="040" ind1=" " ind2=" ">
         <subfield code="a">DLC</subfield>
         <subfield code="b">eng</subfield>
         <subfield code="c">DLC</subfield>
         <subfield code="d">BTCTA</subfield>
         <subfield code="d">WAU</subfield>
         <subfield code="d">CNMBL</subfield>
         <subfield code="d">OCLCO</subfield>
         <subfield code="d">OCLCA</subfield>
         <subfield code="d">IAD</subfield>
         <subfield code="d">SFB</subfield>
         <subfield code="d">OCLCF</subfield>
         <subfield code="d">ZYU</subfield>
      </datafield>
      <datafield tag="043" ind1=" " ind2=" ">
         <subfield code="a">a-cc---</subfield>
         <subfield code="a">p------</subfield>
      </datafield>
      <datafield tag="050" ind1="0" ind2="0">
         <subfield code="a">N7429</subfield>
         <subfield code="b">.E2</subfield>
      </datafield>
      <datafield tag="079" ind1=" " ind2=" ">
         <subfield code="a">(OCoLC)561983</subfield>
      </datafield>
      <datafield tag="082" ind1="0" ind2="0">
         <subfield code="a">709/.01/1</subfield>
      </datafield>
      <datafield tag="090" ind1=" " ind2=" ">
         <subfield code="i">07/23/93 CT</subfield>
         <subfield code="h">07/19/93 T</subfield>
      </datafield>
      <datafield tag="245" ind1="0" ind2="0">
         <subfield code="a">Early Chinese art and its possible influence in the Pacific basin;</subfield>
         <subfield code="b">a symposium arranged by the Department of Art History and Archaeology, Columbia University, New York City, August 21-25, 1967.</subfield>
         <subfield code="c">Edited by Noel Barnard in collaboration with Douglas Fraser.</subfield>
      </datafield>
      <datafield tag="260" ind1=" " ind2=" ">
         <subfield code="a">New York,</subfield>
         <subfield code="b">Intercultural Arts Press</subfield>
         <subfield code="c">[1972]</subfield>
      </datafield>
      <datafield tag="300" ind1=" " ind2=" ">
         <subfield code="a">3 volumes (xlvii, 896 pages)</subfield>
         <subfield code="b">illustrations</subfield>
         <subfield code="c">24 cm</subfield>
      </datafield>
      <datafield tag="336" ind1=" " ind2=" ">
         <subfield code="a">text</subfield>
         <subfield code="b">txt</subfield>
         <subfield code="2">rdacontent</subfield>
      </datafield>
      <datafield tag="337" ind1=" " ind2=" ">
         <subfield code="a">unmediated</subfield>
         <subfield code="b">n</subfield>
         <subfield code="2">rdamedia</subfield>
      </datafield>
      <datafield tag="338" ind1=" " ind2=" ">
         <subfield code="a">volume</subfield>
         <subfield code="b">nc</subfield>
         <subfield code="2">rdacarrier</subfield>
      </datafield>
      <datafield tag="500" ind1=" " ind2=" ">
         <subfield code="a">ISAW copy is from the library of Susan L. Beningson.</subfield>
         <subfield code="5">NyNyUAW</subfield>
      </datafield>
      <datafield tag="504" ind1=" " ind2=" ">
         <subfield code="a">Includes bibliographical references.</subfield>
      </datafield>
      <datafield tag="505" ind1="0" ind2="0">
         <subfield code="g">Volume One.</subfield>
         <subfield code="t">Ch'u and the Silk Manuscript.</subfield>
         <subfield code="t">Introduction /</subfield>
         <subfield code="r">Noel Barnard --</subfield>
         <subfield code="t">Opening remarks /</subfield>
         <subfield code="r">L. Carrington Goodrich --</subfield>
         <subfield code="t">Major aspects of Ch'u Archaeology /</subfield>
         <subfield code="r">Chang Kwang-chih --</subfield>
         <subfield code="t">Traditions of material culture in the territory of Ch'u /</subfield>
         <subfield code="r">William Watson --</subfield>
         <subfield code="t">The Ch'u silk manuscript and other archaeological documents of ancient China /</subfield>
         <subfield code="r">Noel Barnard --</subfield>
         <subfield code="t">Suggestions concerning the ground of the Ch'u silk manuscript in relation to silk-weaving in pre-Han and Han China /</subfield>
         <subfield code="r">Jean Mailey --</subfield>
         <subfield code="t">Some aspects of the calendar, astrology, religious concepts of the Ch'u people as revealed in the Ch'u silk manuscript /</subfield>
         <subfield code="r">Jao Tsung-yi --</subfield>
         <subfield code="t">The twelve gods of the Chan-Kuo period silk maniscript excavated at Ch'ang-sha /</subfield>
         <subfield code="r">Hayashi Minao --</subfield>
         <subfield code="t">Western elements in the art of Ch'u /</subfield>
         <subfield code="r">William Samolin --</subfield>
         <subfield code="t">The Lach-Truong culture: western affinities and connections with the culture of ancient Ch'u /</subfield>
         <subfield code="r">Olov R. T. Janse.</subfield>
      </datafield>
      <datafield tag="505" ind1="8" ind2="0">
         <subfield code="g">Volume Two.</subfield>
         <subfield code="t">Asia.</subfield>
         <subfield code="t">The Thraco-Crimmerian phase in Central Asia : evidence for the 'Pontic migration' /</subfield>
         <subfield code="r">Karl Jettmar --</subfield>
         <subfield code="t">Relations of a Chinese embroidery design : eastern Europe and western Asia, southeast Asia (the Dong-son culture) and Melanesia /</subfield>
         <subfield code="r">Carl Schuster --</subfield>
         <subfield code="t">The Tien culture and some aspects of its relationship to the Dong-son culture /</subfield>
         <subfield code="r">Emma C. Bunker --</subfield>
         <subfield code="t">Decorative concepts and stylistic principles in the bronze art of Tien /</subfield>
         <subfield code="r">Magdalene von Dewall --</subfield>
         <subfield code="t">Prehistoric Japan : a survey of cultural development down to the late Jomon stage (approximately 2000 B.C.) /</subfield>
         <subfield code="r">Chester S. Chard --</subfield>
         <subfield code="t">The aboriginal art of Taiwan and its implication for the cultural history of the Pacific /</subfield>
         <subfield code="r">Ch'en Ch'i-lu --</subfield>
         <subfield code="t">Neolithic cultures in the coastal areas of southeast China /</subfield>
         <subfield code="r">Chang Kwang-chih --</subfield>
         <subfield code="t">The neolithic cultures of Thailand (and north Malaysia) and their Lungshanoid relationship /</subfield>
         <subfield code="r">Per Sørensen --</subfield>
         <subfield code="t">Prehistoric pottery of southeast Asia /</subfield>
         <subfield code="r">Wilhelm G. Solheim II.</subfield>
      </datafield>
      <datafield tag="505" ind1="8" ind2="0">
         <subfield code="g">Volume Three.</subfield>
         <subfield code="t">Oceania and the Americas.</subfield>
         <subfield code="t">Both sides of the Wallace line : New Guinea, Australia, Island Melanesia and Asian prehistory /</subfield>
         <subfield code="r">Jack Golson --</subfield>
         <subfield code="t">Some evidences of Dong-son-derived influence in the art of the Admiralty Islands /</subfield>
         <subfield code="r">Mino Badner --</subfield>
         <subfield code="t">Early Chinese artistic influence in Melanesia? /</subfield>
         <subfield code="t">Douglas Fraser --</subfield>
         <subfield code="t">Aspects of the neolithic in Oceania : Polynesia /</subfield>
         <subfield code="r">Roger C. Green --</subfield>
         <subfield code="t">Pottery in the south Pacific /</subfield>
         <subfield code="r">Bruce Palmer --</subfield>
         <subfield code="t">Formal and iconic analysis of Polynesian hafted adzes : a preliminary statement of interrelationships within Oceania /</subfield>
         <subfield code="r">Sidney M. Mead --</subfield>
         <subfield code="t">Observations on northwest coast Indian art and similarities between a few art elements distant in time and space /</subfield>
         <subfield code="r">Robert Bruce Inverarity --</subfield>
         <subfield code="t">American metallurgy and the Old World /</subfield>
         <subfield code="r">Robert von Heine-Geldern --</subfield>
         <subfield code="t">Diffusion : as explanation and as event /</subfield>
         <subfield code="r">Paul Tolstoy --</subfield>
         <subfield code="t">New World perspectives on pre-European voyafing in the Pacific /</subfield>
         <subfield code="r">Clinton R. Edwards.</subfield>
      </datafield>
      <datafield tag="530" ind1=" " ind2=" ">
         <subfield code="a">Also issued online.</subfield>
      </datafield>
      <datafield tag="650" ind1=" " ind2="0">
         <subfield code="a">Art, Chinese.</subfield>
      </datafield>
      <datafield tag="650" ind1=" " ind2="0">
         <subfield code="a">Art, Prehistoric</subfield>
         <subfield code="z">Pacific Area.</subfield>
      </datafield>
      <datafield tag="650" ind1=" " ind2="0">
         <subfield code="a">Art, Pacific Island.</subfield>
      </datafield>
      <datafield tag="650" ind1=" " ind2="6">
         <subfield code="a">Art chinois.</subfield>
      </datafield>
      <datafield tag="650" ind1=" " ind2="6">
         <subfield code="a">Art préhistorique</subfield>
         <subfield code="z">Pacifique, Région du.</subfield>
      </datafield>
      <datafield tag="650" ind1=" " ind2="6">
         <subfield code="a">Art primitif</subfield>
         <subfield code="z">Pacifique, Région du.</subfield>
      </datafield>
      <datafield tag="650" ind1=" " ind2="7">
         <subfield code="a">Art, Chinese.</subfield>
         <subfield code="2">fast</subfield>
         <subfield code="0">(OCoLC)fst00816103</subfield>
      </datafield>
      <datafield tag="650" ind1=" " ind2="7">
         <subfield code="a">Art, Pacific Island.</subfield>
         <subfield code="2">fast</subfield>
         <subfield code="0">(OCoLC)fst00816714</subfield>
      </datafield>
      <datafield tag="650" ind1=" " ind2="7">
         <subfield code="a">Art, Prehistoric.</subfield>
         <subfield code="2">fast</subfield>
         <subfield code="0">(OCoLC)fst00816761</subfield>
      </datafield>
      <datafield tag="651" ind1=" " ind2="7">
         <subfield code="a">Pacific Area.</subfield>
         <subfield code="2">fast</subfield>
         <subfield code="0">(OCoLC)fst01243504</subfield>
      </datafield>
      <datafield tag="700" ind1="1" ind2=" ">
         <subfield code="a">Beningson, Susan L.,</subfield>
         <subfield code="e">former owner.</subfield>
         <subfield code="5">NyNyUAW</subfield>
      </datafield>
      <datafield tag="740" ind1="0" ind2=" ">
         <subfield code="a">Beningson Collection.</subfield>
         <subfield code="5">NyNyUAW</subfield>
      </datafield>
      <datafield tag="700" ind1="1" ind2=" ">
         <subfield code="a">Barnard, Noel,</subfield>
         <subfield code="e">editor.</subfield>
      </datafield>
      <datafield tag="710" ind1="2" ind2=" ">
         <subfield code="a">Columbia University.</subfield>
         <subfield code="b">Department of Art History and Archaeology.</subfield>
      </datafield>
      <datafield tag="776" ind1="0" ind2="8">
         <subfield code="i">Online version:</subfield>
         <subfield code="t">Early Chinese art and its possible influence in the Pacific basin.</subfield>
         <subfield code="d">New York, Intercultural Arts Press [1972]</subfield>
         <subfield code="w">(OCoLC)644221558</subfield>
      </datafield>
      <datafield tag="OWN" ind1=" " ind2=" ">
         <subfield code="a">GENERAL</subfield>
      </datafield>
      <datafield tag="903" ind1=" " ind2=" ">
         <subfield code="a">OLD</subfield>
      </datafield>
      <datafield tag="950" ind1=" " ind2=" ">
         <subfield code="l">IFAO</subfield>
         <subfield code="a">N7429</subfield>
         <subfield code="b">.F165</subfield>
         <subfield code="n">455:sl\Unanalyzed\</subfield>
         <subfield code="h">07/19/93 N</subfield>
      </datafield>
      <datafield tag="950" ind1=" " ind2=" ">
         <subfield code="l">BMAIN</subfield>
         <subfield code="a">N7429</subfield>
         <subfield code="b">.E2</subfield>
         <subfield code="n">455:sl\Unanalyzed\</subfield>
         <subfield code="i">07/23/93 C</subfield>
      </datafield>
      <datafield tag="955" ind1=" " ind2=" ">
         <subfield code="l">IFAO</subfield>
         <subfield code="c">1:(v.1-3)</subfield>
         <subfield code="h">07/19/93 C</subfield>
      </datafield>
      <datafield tag="955" ind1=" " ind2=" ">
         <subfield code="l">BMAIN</subfield>
         <subfield code="c">1:v.3</subfield>
         <subfield code="q">82-B13153-2</subfield>
         <subfield code="r">017286439</subfield>
         <subfield code="i">07/23/93 C</subfield>
      </datafield>
      <datafield tag="955" ind1=" " ind2=" ">
         <subfield code="l">BMAIN</subfield>
         <subfield code="c">1:v.2</subfield>
         <subfield code="q">82-B13153-2</subfield>
         <subfield code="r">017286454</subfield>
         <subfield code="i">07/23/93 C</subfield>
      </datafield>
      <datafield tag="955" ind1=" " ind2=" ">
         <subfield code="l">BMAIN</subfield>
         <subfield code="c">1:v.1</subfield>
         <subfield code="q">82-B13153-2</subfield>
         <subfield code="r">017286447</subfield>
         <subfield code="i">07/23/93 C</subfield>
      </datafield>
      <datafield tag="998" ind1=" " ind2=" ">
         <subfield code="a">07/23/93</subfield>
         <subfield code="t">b</subfield>
         <subfield code="s">9120</subfield>
         <subfield code="n">NNU</subfield>
         <subfield code="w">MOSA88B1745</subfield>
         <subfield code="d">06/24/82</subfield>
         <subfield code="b">JR</subfield>
         <subfield code="i">930723</subfield>
         <subfield code="h">930719</subfield>
         <subfield code="l">NYUG</subfield>
      </datafield>
      <datafield tag="AVA" ind1=" " ind2=" ">
         <subfield code="a">NYU50</subfield>
         <subfield code="b">BOBST</subfield>
         <subfield code="c">Main Collection</subfield>
         <subfield code="d">N7429 .E2</subfield>
         <subfield code="e">available</subfield>
         <subfield code="t">Available</subfield>
         <subfield code="f">3</subfield>
         <subfield code="g">0</subfield>
         <subfield code="h">Y</subfield>
         <subfield code="i">6</subfield>
         <subfield code="j">MAIN</subfield>
         <subfield code="k">0</subfield>
      </datafield>
      <datafield tag="AVA" ind1=" " ind2=" ">
         <subfield code="a">NYU50</subfield>
         <subfield code="b">NIFA</subfield>
         <subfield code="c">Asian</subfield>
         <subfield code="d">N7429 .E165 Non-circulating</subfield>
         <subfield code="e">available</subfield>
         <subfield code="t">Available</subfield>
         <subfield code="f">3</subfield>
         <subfield code="g">0</subfield>
         <subfield code="h">Y</subfield>
         <subfield code="i">0</subfield>
         <subfield code="j">ASIAN</subfield>
         <subfield code="k">0</subfield>
      </datafield>
      <datafield tag="AVA" ind1=" " ind2=" ">
         <subfield code="a">NYU50</subfield>
         <subfield code="b">NISAW</subfield>
         <subfield code="c">Small Collection</subfield>
         <subfield code="d">N7429 .E2 1972 Non-circulating</subfield>
         <subfield code="e">available</subfield>
         <subfield code="t">Available</subfield>
         <subfield code="f">3</subfield>
         <subfield code="g">0</subfield>
         <subfield code="h">Y</subfield>
         <subfield code="i">0</subfield>
         <subfield code="j">SMALL</subfield>
      </datafield>
      <marc:datafield tag="852" ind1=" " ind2=" ">
         <marc:subfield code="b">Institute for the Study of the Ancient World, </marc:subfield>
         <marc:subfield code="c">Small Collection</marc:subfield>
         <marc:subfield code="e">15 East 84th St., </marc:subfield>
         <marc:subfield code="e">New York, NY  10028</marc:subfield>
      </marc:datafield>
   </record>