
  
  
  
  
  
  
  
  
  
  
 
  
  <record xsi:schemaLocation="http://www.loc.gov/MARC21/slim http://www.loc.gov/standards/marcxml/schema/MARC21slim.xsd">
      <leader>     nam a22003374a 45M</leader>
      <controlfield tag="FMT">BK</controlfield>
      <controlfield tag="LDR">     nam a22003374a 45M</controlfield>
      <controlfield tag="001">001173015</controlfield>
      <controlfield tag="003">NNU</controlfield>
      <controlfield tag="005">20050202143353.0</controlfield>
      <controlfield tag="008">040401s2004    ilua     bf   001 0 eng</controlfield>
      <datafield tag="010" ind1=" " ind2=" ">
         <subfield code="a">2004007681</subfield>
      </datafield>
      <datafield tag="020" ind1=" " ind2=" ">
         <subfield code="a">0838935435</subfield>
      </datafield>
      <datafield tag="035" ind1="9" ind2=" ">
         <subfield code="a">NYUb12998331</subfield>
      </datafield>
      <datafield tag="035" ind1="9" ind2=" ">
         <subfield code="a">(hslkohaq)000052269</subfield>
      </datafield>
      <datafield tag="035" ind1="9" ind2=" ">
         <subfield code="a">(NNUMk)66294</subfield>
      </datafield>
      <datafield tag="035" ind1=" " ind2=" ">
         <subfield code="a">(OCoLC)ocm54929688</subfield>
      </datafield>
      <datafield tag="040" ind1=" " ind2=" ">
         <subfield code="a">DLC</subfield>
         <subfield code="c">DLC</subfield>
         <subfield code="d">YDX</subfield>
         <subfield code="d">CRL</subfield>
         <subfield code="d">COU</subfield>
         <subfield code="d">WSL</subfield>
         <subfield code="d">YBM</subfield>
         <subfield code="d">OCL</subfield>
      </datafield>
      <datafield tag="042" ind1=" " ind2=" ">
         <subfield code="a">pcc</subfield>
      </datafield>
      <datafield tag="043" ind1=" " ind2=" ">
         <subfield code="a">n-us---</subfield>
      </datafield>
      <datafield tag="050" ind1="0" ind2="0">
         <subfield code="a">KF2995</subfield>
         <subfield code="b">.C57 2004</subfield>
      </datafield>
      <datafield tag="079" ind1=" " ind2=" ">
         <subfield code="a">(OCoLC)54929688</subfield>
      </datafield>
      <datafield tag="082" ind1="0" ind2="0">
         <subfield code="a">346.7304/82</subfield>
         <subfield code="2">22</subfield>
      </datafield>
      <datafield tag="090" ind1=" " ind2=" ">
         <subfield code="a">KF2995</subfield>
         <subfield code="b">.C57 2004</subfield>
      </datafield>
      <datafield tag="245" ind1="0" ind2="0">
         <subfield code="a">Complete copyright :</subfield>
         <subfield code="b">an everyday guide for librarians /</subfield>
         <subfield code="c">Carrie Russell, [editor].</subfield>
      </datafield>
      <datafield tag="260" ind1=" " ind2=" ">
         <subfield code="a">Chicago :</subfield>
         <subfield code="b">American Library Association,</subfield>
         <subfield code="c">c2004.</subfield>
      </datafield>
      <datafield tag="300" ind1=" " ind2=" ">
         <subfield code="a">xix, 262 p. :</subfield>
         <subfield code="b">col. ill. ;</subfield>
         <subfield code="c">21 cm x 27 cm.</subfield>
      </datafield>
      <datafield tag="504" ind1=" " ind2=" ">
         <subfield code="a">Includes bibliographical references (p. 241-244) and index.</subfield>
      </datafield>
      <datafield tag="505" ind1="0" ind2=" ">
         <subfield code="a">Maggie discovers copyright -- Professor Kahn exercises fair use -- Veronda donates books and videos to the local library -- Ben's interlibrary loan request is denied -- Lena posts a web site with hyperlinks -- Charles seeks permission from a copyright holder -- Walter clicks "yes" to an online license agreement -- Lola Lola is an advocate for balanced copyright law.</subfield>
      </datafield>
      <datafield tag="520" ind1=" " ind2=" ">
         <subfield code="a">Publisher's description: Librarians face myriad copyright dilemmas every day, and as copyright law evolves and new interpretations emerge, libraries play a key role in representing the public in the copyright debate. But how do new copyright laws affect traditional services and new virtual reference user services? What must librarians do to ensure that staff and patrons fully exercise copyright exemptions, like fair use? Offering a wealth of information on library copyright concerns in a vibrant, highly accessible format, Complete Copyright is a must-have resource for your library. ALA copyright expert Russell provides clear, user-friendly guidance for both common copyright issues and latest trends, including the intricacies of copyright in the digital world. Through real-life examples, she also illustrates how librarians can be advocates for a fair and balanced copyright law. This guide will help you to: Address complex copyright issues through the use of real-life library scenarios. Understand when permission is necessary when using copyrighted licenses. Keep up-to-date with recent copyright legislation including the Digital Millennium Copyright Act (DMCA) and the Technology, Education and Copyright Harmonization Act (TEACH). Recognize the benefits and the pitfalls of the new digital copyright law. Develop copyright presentations and workshops. Discuss copyright law and fair use with legislators, administrators, library boards, and other decision makers. Featuring the illustrative work of graphic novelist Jessica Abel, Complete Copyright offers a cast of engaging characters who guide librarians on an exploration of copyright complexities through a range of everyday situations. With a full copyright glossary of terms and legal case studies, along with a fun, plasti-coil binding for ease of usage, this is the comprehensive guide to the fundamentals and subtleties of U.S. copyright law written specifically for your library.</subfield>
      </datafield>
      <datafield tag="650" ind1="1" ind2="2">
         <subfield code="a">Copyright</subfield>
         <subfield code="z">United States</subfield>
         <subfield code="v">handbooks</subfield>
      </datafield>
      <datafield tag="650" ind1=" " ind2="0">
         <subfield code="a">Copyright</subfield>
         <subfield code="z">United States.</subfield>
      </datafield>
      <datafield tag="650" ind1=" " ind2="0">
         <subfield code="a">Librarians</subfield>
         <subfield code="z">United States</subfield>
         <subfield code="v">Handbooks, manuals, etc.</subfield>
      </datafield>
      <datafield tag="650" ind1="1" ind2="2">
         <subfield code="a">Libraries</subfield>
         <subfield code="x">legislation &amp; jurisprudence</subfield>
         <subfield code="z">United States</subfield>
         <subfield code="v">handbooks</subfield>
      </datafield>
      <datafield tag="650" ind1="2" ind2="2">
         <subfield code="a">Intellectual Property</subfield>
         <subfield code="z">United States</subfield>
         <subfield code="v">handbooks</subfield>
      </datafield>
      <datafield tag="650" ind1="2" ind2="2">
         <subfield code="a">Publishing</subfield>
         <subfield code="x">legislation &amp; jurisprudence</subfield>
         <subfield code="v">handbooks</subfield>
      </datafield>
      <datafield tag="700" ind1="1" ind2=" ">
         <subfield code="a">Russell, Carrie.</subfield>
      </datafield>
      <datafield tag="856" ind1="4" ind2="2">
         <subfield code="3">Table of contents</subfield>
         <subfield code="u">http://www.loc.gov/catdir/toc/ecip0416/2004007681.html</subfield>
      </datafield>
      <datafield tag="994" ind1=" " ind2=" ">
         <subfield code="a">Z0</subfield>
         <subfield code="b">ZYU</subfield>
      </datafield>
      <datafield tag="OWN" ind1=" " ind2=" ">
         <subfield code="a">GENERAL</subfield>
      </datafield>
      <datafield tag="952" ind1=" " ind2=" ">
         <subfield code="p">35093000872295</subfield>
         <subfield code="#">320668</subfield>
         <subfield code="4">0</subfield>
         <subfield code="0">0</subfield>
         <subfield code="6">KF_02995_C57_2004</subfield>
         <subfield code="9">226245</subfield>
         <subfield code="m">0</subfield>
         <subfield code="1">0</subfield>
         <subfield code="o">KF2995.C57 2004</subfield>
         <subfield code="d">2005-06-21</subfield>
         <subfield code="8">BOOK</subfield>
         <subfield code="7">1</subfield>
         <subfield code="c">STAFF</subfield>
         <subfield code="y">STAFF</subfield>
         <subfield code="a">DENT</subfield>
         <subfield code="l">0</subfield>
      </datafield>
      <datafield tag="AVA" ind1=" " ind2=" ">
         <subfield code="a">NYU50</subfield>
         <subfield code="b">BTAM</subfield>
         <subfield code="c">Reference</subfield>
         <subfield code="d">KF2995 .C57 2004 Non-circulating</subfield>
         <subfield code="e">available</subfield>
         <subfield code="t">Available</subfield>
         <subfield code="f">1</subfield>
         <subfield code="g">0</subfield>
         <subfield code="h">N</subfield>
         <subfield code="i">0</subfield>
         <subfield code="j">TAMR</subfield>
         <subfield code="k">0</subfield>
      </datafield>
      <datafield tag="AVA" ind1=" " ind2=" ">
         <subfield code="a">NYU50</subfield>
         <subfield code="b">NISAW</subfield>
         <subfield code="c">Reference 3 Collection</subfield>
         <subfield code="d">KF2995 .C57 2004 Non-circulating</subfield>
         <subfield code="e">available</subfield>
         <subfield code="t">Available</subfield>
         <subfield code="f">1</subfield>
         <subfield code="g">0</subfield>
         <subfield code="h">N</subfield>
         <subfield code="i">0</subfield>
         <subfield code="j">REF3</subfield>
         <subfield code="k">0</subfield>
      </datafield>
      <marc:datafield tag="852" ind1=" " ind2=" ">
         <marc:subfield code="b">Institute for the Study of the Ancient World, </marc:subfield>
         <marc:subfield code="c">Reference 3 Collection</marc:subfield>
         <marc:subfield code="e">15 East 84th St., </marc:subfield>
         <marc:subfield code="e">New York, NY  10028</marc:subfield>
      </marc:datafield>
   </record>