
  
  
  
  
  
  
  
  
  
  
  
 
  
  <record xsi:schemaLocation="http://www.loc.gov/MARC21/slim http://www.loc.gov/standards/marcxml/schema/MARC21slim.xsd">
      <leader>00000cam a2200745 a 4500</leader>
      <controlfield tag="FMT">BK</controlfield>
      <controlfield tag="LDR">00000cam a2200745 a 4500</controlfield>
      <controlfield tag="001">005686063</controlfield>
      <controlfield tag="003">OCoLC</controlfield>
      <controlfield tag="005">20171116160442.0</controlfield>
      <controlfield tag="008">071124s2006    it abef  b    100 0 eng c</controlfield>
      <datafield tag="020" ind1=" " ind2=" ">
         <subfield code="a">8843802070</subfield>
         <subfield code="q">(pbk.)</subfield>
      </datafield>
      <datafield tag="020" ind1=" " ind2=" ">
         <subfield code="a">9788843802074</subfield>
         <subfield code="q">(pbk.)</subfield>
      </datafield>
      <datafield tag="020" ind1=" " ind2=" ">
         <subfield code="a">9788888438023</subfield>
      </datafield>
      <datafield tag="020" ind1=" " ind2=" ">
         <subfield code="a">8888438025</subfield>
      </datafield>
      <datafield tag="035" ind1=" " ind2=" ">
         <subfield code="a">(OCoLC)182039419</subfield>
      </datafield>
      <datafield tag="040" ind1=" " ind2=" ">
         <subfield code="a">YDXCP</subfield>
         <subfield code="b">eng</subfield>
         <subfield code="c">YDXCP</subfield>
         <subfield code="d">EMT</subfield>
         <subfield code="d">CLU</subfield>
         <subfield code="d">TOZ</subfield>
         <subfield code="d">OCLCA</subfield>
         <subfield code="d">GEBAY</subfield>
         <subfield code="d">J9U</subfield>
         <subfield code="d">OCLCQ</subfield>
         <subfield code="d">OCLCF</subfield>
         <subfield code="d">CHVBK</subfield>
         <subfield code="d">OCLCO</subfield>
         <subfield code="d">OCLCQ</subfield>
         <subfield code="d">OCLCO</subfield>
         <subfield code="d">OCL</subfield>
         <subfield code="d">OCLCO</subfield>
         <subfield code="d">DEBBG</subfield>
         <subfield code="d">OCLCO</subfield>
         <subfield code="d">OCLCQ</subfield>
         <subfield code="d">OCLCO</subfield>
         <subfield code="d">ZYU</subfield>
      </datafield>
      <datafield tag="041" ind1="0" ind2=" ">
         <subfield code="a">eng</subfield>
         <subfield code="b">ara</subfield>
      </datafield>
      <datafield tag="042" ind1=" " ind2=" ">
         <subfield code="a">pcc</subfield>
      </datafield>
      <datafield tag="043" ind1=" " ind2=" ">
         <subfield code="a">awba---</subfield>
         <subfield code="a">a-is---</subfield>
      </datafield>
      <datafield tag="050" ind1=" " ind2="4">
         <subfield code="a">DS110.J4</subfield>
         <subfield code="b">I58 2005</subfield>
      </datafield>
      <datafield tag="079" ind1=" " ind2=" ">
         <subfield code="a">(OCoLC)182039419</subfield>
      </datafield>
      <datafield tag="082" ind1="0" ind2="4">
         <subfield code="a">307.09</subfield>
         <subfield code="2">22/ger</subfield>
      </datafield>
      <datafield tag="084" ind1=" " ind2=" ">
         <subfield code="a">NG 5380</subfield>
         <subfield code="2">rvk</subfield>
      </datafield>
      <datafield tag="084" ind1=" " ind2=" ">
         <subfield code="a">NK 9400</subfield>
         <subfield code="2">rvk</subfield>
      </datafield>
      <datafield tag="111" ind1="2" ind2=" ">
         <subfield code="a">International Workshop "Tell es-Sultan--Jericho in the Context of the Jordan Valley: Site Management, Conservation, and Sustainable Development"</subfield>
         <subfield code="d">(2005 :</subfield>
         <subfield code="c">Jericho, West Bank)</subfield>
      </datafield>
      <datafield tag="245" ind1="1" ind2="0">
         <subfield code="a">Tell es-Sultan--Jericho in the Context of the Jordan Valley :</subfield>
         <subfield code="b">Site Management, Conservation, and Sustainable Development. : proceedings of the International Workshop held in Ariha 7th-11th February 2005 by the Department of Antiquities and Cultural Heritage, Ministry of Tourism and Antiquities, UNESCO office-Ramallah, Rome "La Sapienza" University /</subfield>
         <subfield code="c">edited by Lorenzo Nigro, Hamdan Taha.</subfield>
      </datafield>
      <datafield tag="246" ind1="1" ind2="5">
         <subfield code="a">Tall al-Sultān fī al-siyāq al-ḥaḍārī li-Wādī al-Urdun</subfield>
      </datafield>
      <datafield tag="260" ind1=" " ind2=" ">
         <subfield code="a">Roma :</subfield>
         <subfield code="b">Università di Roma "La Sapienza, " Dipartimento di Scienze Storiche Archeologiche e Antropologiche dell'Antichità, Sezione Vicino Oriente, Expedition to Palestine &amp; Jordan,</subfield>
         <subfield code="c">2006.</subfield>
      </datafield>
      <datafield tag="300" ind1=" " ind2=" ">
         <subfield code="a">xviii, 287, 10 pages, [3] folded leaves of plates :</subfield>
         <subfield code="b">illustrations, maps (some color), plans ;</subfield>
         <subfield code="c">24 cm.</subfield>
      </datafield>
      <datafield tag="336" ind1=" " ind2=" ">
         <subfield code="a">text</subfield>
         <subfield code="b">txt</subfield>
         <subfield code="2">rdacontent</subfield>
      </datafield>
      <datafield tag="337" ind1=" " ind2=" ">
         <subfield code="a">unmediated</subfield>
         <subfield code="b">n</subfield>
         <subfield code="2">rdamedia</subfield>
      </datafield>
      <datafield tag="338" ind1=" " ind2=" ">
         <subfield code="a">volume</subfield>
         <subfield code="b">nc</subfield>
         <subfield code="2">rdacarrier</subfield>
      </datafield>
      <datafield tag="490" ind1="1" ind2=" ">
         <subfield code="a">Rome "La Sapienza" studies on the archaeology of Palestine &amp; Transjordan,</subfield>
         <subfield code="x">1826-9206 ;</subfield>
         <subfield code="v">02</subfield>
      </datafield>
      <datafield tag="546" ind1=" " ind2=" ">
         <subfield code="a">Includes abstract in Arabic.</subfield>
      </datafield>
      <datafield tag="504" ind1=" " ind2=" ">
         <subfield code="a">Includes bibliographical references.</subfield>
      </datafield>
      <datafield tag="505" ind1="0" ind2="0">
         <subfield code="g">Section 1.</subfield>
         <subfield code="t">Recent Excavations in the Lower Jordan Valley.</subfield>
         <subfield code="t">Results of the Italian-Palestinian Expedition to Tell es-Sultan: at the Dawn of Urbanization in Palestine /</subfield>
         <subfield code="r">L. Nigro --</subfield>
         <subfield code="t">The Jordan Valley and the Vicissitudes of Life at Deir 'All a During the Bronze and Iron Ages /</subfield>
         <subfield code="r">G. Van der Kooij --</subfield>
         <subfield code="t">Aspects of Excavation, Cooperation and Mangement: the Joint Palestinian-Norwegian Excavation at Tell el-Mafjar, Jericho /</subfield>
         <subfield code="r">N. Anfinset.</subfield>
         <subfield code="g">Section 2.</subfield>
         <subfield code="t">Archaeological Heritage Protection and Mangement in Palestine.</subfield>
         <subfield code="t">The Archaeological Site of Tell es-Sultan as a Potential World Heritage Site: Nomination Dossier, Management Planning and Other Requirements for Inscription in the World Heritage List /</subfield>
         <subfield code="r">G. Fontana Antonelli --</subfield>
         <subfield code="t">Preserving the History and Archaeology of Palestine at Tell es-Sultan: The Contribution of Rome "La Sapienza" University /</subfield>
         <subfield code="r">L. Nigro --</subfield>
         <subfield code="t">Archaeological Site Management: Theory, Strategies and Implementation for the Archaeological Landscapes of Jericho /</subfield>
      </datafield>
      <datafield tag="505" ind1="0" ind2="0">
         <subfield code="9"/>
         <subfield code="r">S. Van der Linde and T. William --</subfield>
         <subfield code="t">Management of the Archaeological Site of Tell es-Sultan /</subfield>
         <subfield code="r">A. Rjoob --</subfield>
         <subfield code="t">The Principles of Local Sustainable Development /</subfield>
         <subfield code="r">G. Solera --</subfield>
         <subfield code="t">The Hebron Rehabilitation Committee: Management of Cultural Resources in Hebron /</subfield>
         <subfield code="r">K. Qawasme --</subfield>
         <subfield code="t">Sustainable Community Through Conservation and Restoration Projects /</subfield>
         <subfield code="r">N. Riyad --</subfield>
         <subfield code="t">Space Utilization and Dynamic Stability in a Palestinian Cultural Landscape: Towards a Management Plan for the Birzeit Region /</subfield>
         <subfield code="r">H. Salem.</subfield>
         <subfield code="g">Section 3.</subfield>
         <subfield code="t">Cultural Resources for the Jericho Archaeological Park.</subfield>
         <subfield code="t">Cultural Heritage Planning and Management for Development: The Palestinian Archaeological Park of the Jericho Oasis /</subfield>
         <subfield code="r">F. Nigro --</subfield>
         <subfield code="t">The Master Plan and the Cultural Resources of Jericho /</subfield>
         <subfield code="r">B. Hijazi.</subfield>
         <subfield code="g">Section 4.</subfield>
         <subfield code="t">Restoration, Conservation and Valorization in Archaeology.</subfield>
         <subfield code="t">Notes of First-Aid Restoration Techniques in the Field from the Experience at Tell es-Sultan /</subfield>
         <subfield code="r">S. Ferrari --</subfield>
      </datafield>
      <datafield tag="505" ind1="0" ind2="0">
         <subfield code="9"/>
         <subfield code="t">Conservation of Mud-Brick Structures at Tell es-Sultan /</subfield>
         <subfield code="r">M. Diab --</subfield>
         <subfield code="t">The Jericho Qasr Hisham Archaeological Park /</subfield>
         <subfield code="r">R. Sabelli --</subfield>
         <subfield code="t">The Jericho Necropolis: Study, Protection and Possible Tourist Exploitation /</subfield>
         <subfield code="r">A. Polcaro --</subfield>
         <subfield code="t">Garstang's North-Eastern Trench: Archaeological Evidences and Potential /</subfield>
         <subfield code="r">M. Sala.</subfield>
      </datafield>
      <datafield tag="650" ind1=" " ind2="0">
         <subfield code="a">Excavations (Archaeology)</subfield>
         <subfield code="z">West Bank</subfield>
         <subfield code="z">Jericho</subfield>
         <subfield code="v">Congresses.</subfield>
         <subfield code="5">NyNyUAW</subfield>
      </datafield>
      <datafield tag="651" ind1=" " ind2="0">
         <subfield code="a">Jericho</subfield>
         <subfield code="x">Antiquities</subfield>
         <subfield code="v">Congresses.</subfield>
         <subfield code="5">NyNyUAW</subfield>
      </datafield>
      <datafield tag="651" ind1=" " ind2="0">
         <subfield code="a">Jericho</subfield>
         <subfield code="x">Antiquities</subfield>
         <subfield code="x">Collection and preservation</subfield>
         <subfield code="v">Congresses.</subfield>
         <subfield code="5">NyNyUAW</subfield>
      </datafield>
      <datafield tag="650" ind1=" " ind2="0">
         <subfield code="a">Sustainable development</subfield>
         <subfield code="z">West Bank</subfield>
         <subfield code="z">Jericho</subfield>
         <subfield code="v">Congresses.</subfield>
         <subfield code="5">NyNyUAW</subfield>
      </datafield>
      <datafield tag="651" ind1=" " ind2="0">
         <subfield code="a">Sultan Site (West Bank)</subfield>
         <subfield code="v">Congresses.</subfield>
      </datafield>
      <datafield tag="650" ind1=" " ind2="0">
         <subfield code="a">Excavations (Archaeology)</subfield>
         <subfield code="z">West Bank</subfield>
         <subfield code="z">Jericho Region</subfield>
         <subfield code="v">Congresses.</subfield>
      </datafield>
      <datafield tag="651" ind1=" " ind2="0">
         <subfield code="a">Jericho Region</subfield>
         <subfield code="x">Antiquities</subfield>
         <subfield code="v">Congresses.</subfield>
      </datafield>
      <datafield tag="651" ind1=" " ind2="0">
         <subfield code="a">Jericho Region</subfield>
         <subfield code="x">Antiquities</subfield>
         <subfield code="x">Collection and preservation</subfield>
         <subfield code="v">Congresses.</subfield>
      </datafield>
      <datafield tag="650" ind1=" " ind2="0">
         <subfield code="a">Sustainable development</subfield>
         <subfield code="z">West Bank</subfield>
         <subfield code="z">Jericho Region</subfield>
         <subfield code="v">Congresses.</subfield>
      </datafield>
      <datafield tag="651" ind1=" " ind2="7">
         <subfield code="a">Hierichous.</subfield>
         <subfield code="2">pleiades</subfield>
         <subfield code="0">https://pleiades.stoa.org/places/687917</subfield>
      </datafield>
      <datafield tag="650" ind1=" " ind2="7">
         <subfield code="a">Antiquities.</subfield>
         <subfield code="2">fast</subfield>
         <subfield code="0">(OCoLC)fst00810745</subfield>
      </datafield>
      <datafield tag="650" ind1=" " ind2="7">
         <subfield code="a">Antiquities</subfield>
         <subfield code="x">Collection and preservation.</subfield>
         <subfield code="2">fast</subfield>
         <subfield code="0">(OCoLC)fst00810747</subfield>
      </datafield>
      <datafield tag="650" ind1=" " ind2="7">
         <subfield code="a">Excavations (Archaeology)</subfield>
         <subfield code="2">fast</subfield>
         <subfield code="0">(OCoLC)fst00917564</subfield>
      </datafield>
      <datafield tag="650" ind1=" " ind2="7">
         <subfield code="a">Sustainable development.</subfield>
         <subfield code="2">fast</subfield>
         <subfield code="0">(OCoLC)fst01139731</subfield>
      </datafield>
      <datafield tag="651" ind1=" " ind2="7">
         <subfield code="a">West Bank</subfield>
         <subfield code="z">Jericho Region.</subfield>
         <subfield code="2">fast</subfield>
         <subfield code="0">(OCoLC)fst01351386</subfield>
      </datafield>
      <datafield tag="651" ind1=" " ind2="7">
         <subfield code="a">West Bank</subfield>
         <subfield code="z">Sultan Site.</subfield>
         <subfield code="2">fast</subfield>
         <subfield code="0">(OCoLC)fst01867247</subfield>
      </datafield>
      <datafield tag="650" ind1=" " ind2="7">
         <subfield code="a">Archäologische Stätte.</subfield>
         <subfield code="0">(DE-588)4318315-3</subfield>
         <subfield code="2">gnd</subfield>
      </datafield>
      <datafield tag="650" ind1=" " ind2="7">
         <subfield code="a">Denkmalpflege.</subfield>
         <subfield code="0">(DE-588)4011455-7</subfield>
         <subfield code="2">gnd</subfield>
      </datafield>
      <datafield tag="651" ind1=" " ind2="7">
         <subfield code="a">Jericho.</subfield>
         <subfield code="0">(DE-588)4028579-0</subfield>
         <subfield code="2">gnd</subfield>
      </datafield>
      <datafield tag="650" ind1="0" ind2="7">
         <subfield code="a">Archäologische Stätte.</subfield>
         <subfield code="2">swd</subfield>
      </datafield>
      <datafield tag="650" ind1="0" ind2="7">
         <subfield code="a">Denkmalpflege.</subfield>
         <subfield code="2">swd</subfield>
      </datafield>
      <datafield tag="651" ind1=" " ind2="7">
         <subfield code="a">Jericho.</subfield>
         <subfield code="2">swd</subfield>
      </datafield>
      <datafield tag="655" ind1=" " ind2="4">
         <subfield code="a">Kongress</subfield>
         <subfield code="z">Ariha</subfield>
         <subfield code="y">2005.</subfield>
      </datafield>
      <datafield tag="655" ind1=" " ind2="7">
         <subfield code="a">Conference papers and proceedings.</subfield>
         <subfield code="2">fast</subfield>
         <subfield code="0">(OCoLC)fst01423772</subfield>
      </datafield>
      <datafield tag="700" ind1="1" ind2=" ">
         <subfield code="a">Nigro, Lorenzo.</subfield>
      </datafield>
      <datafield tag="700" ind1="1" ind2=" ">
         <subfield code="a">Ṭāhā, Ḥamdān.</subfield>
      </datafield>
      <datafield tag="880" ind1="1" ind2=" ">
         <subfield code="6">246-00/</subfield>
         <subfield code="i">للكتاب عنوان ثان بالعربية:</subfield>
         <subfield code="a">تل السلطان في السياق الحضاري لوادي الاردن :</subfield>
         <subfield code="b">ادارة الموقع، الحفاظ والتنمية المستدامة، نتائج المؤتمر الدولي المنعقد في أريحا 7-11 شباط 2005 /</subfield>
         <subfield code="g">دائرة الآثار والتراث الثقافي، وزارة السياحة والآثار، مكتب اليونسكو، رام الله، جامعة روما "لاسبينزا" ؛ تحرير لورنزو نيغرو [و]حمدان طه</subfield>
      </datafield>
      <datafield tag="830" ind1=" " ind2="0">
         <subfield code="a">Rome "La Sapienza" studies on the archaeology of Palestine &amp; Transjordan ;</subfield>
         <subfield code="v">02.</subfield>
         <subfield code="x">1826-9206</subfield>
      </datafield>
      <datafield tag="OWN" ind1=" " ind2=" ">
         <subfield code="a">GENERAL</subfield>
      </datafield>
      <datafield tag="AVA" ind1=" " ind2=" ">
         <subfield code="a">NYU50</subfield>
         <subfield code="b">NISAW</subfield>
         <subfield code="c">Small Collection</subfield>
         <subfield code="d">DS110.J4 I58 2005 Non-circulating</subfield>
         <subfield code="e">available</subfield>
         <subfield code="t">Available</subfield>
         <subfield code="f">1</subfield>
         <subfield code="g">0</subfield>
         <subfield code="h">N</subfield>
         <subfield code="i">0</subfield>
         <subfield code="j">SMALL</subfield>
         <subfield code="k">0</subfield>
      </datafield>
      <marc:datafield tag="852" ind1=" " ind2=" ">
         <marc:subfield code="b">Institute for the Study of the Ancient World, </marc:subfield>
         <marc:subfield code="c">Small Collection</marc:subfield>
         <marc:subfield code="e">15 East 84th St., </marc:subfield>
         <marc:subfield code="e">New York, NY  10028</marc:subfield>
      </marc:datafield>
   </record>