
  
  
  
  
  
  
  
  
  
  
  
  
  
 
  
  <record xsi:schemaLocation="http://www.loc.gov/MARC21/slim http://www.loc.gov/standards/marcxml/schema/MARC21slim.xsd">
      <leader>00000cam a2200613Ii 4500</leader>
      <controlfield tag="FMT">BK</controlfield>
      <controlfield tag="LDR">00000cam a2200613Ii 4500</controlfield>
      <controlfield tag="001">005686112</controlfield>
      <controlfield tag="003">OCoLC</controlfield>
      <controlfield tag="005">20171116161203.0</controlfield>
      <controlfield tag="008">161107s2016    tu abe   b    010 0 tur d</controlfield>
      <datafield tag="010" ind1=" " ind2=" ">
         <subfield code="a">2017287584</subfield>
      </datafield>
      <datafield tag="020" ind1=" " ind2=" ">
         <subfield code="a">9786059872294</subfield>
         <subfield code="q">(hardcover)</subfield>
      </datafield>
      <datafield tag="020" ind1=" " ind2=" ">
         <subfield code="a">6059872298</subfield>
         <subfield code="q">(hardcover)</subfield>
      </datafield>
      <datafield tag="035" ind1=" " ind2=" ">
         <subfield code="a">(OCoLC)983216838</subfield>
         <subfield code="z">(OCoLC)972251737</subfield>
         <subfield code="z">(OCoLC)972384635</subfield>
         <subfield code="z">(OCoLC)972424318</subfield>
         <subfield code="z">(OCoLC)972565736</subfield>
         <subfield code="z">(OCoLC)972857185</subfield>
         <subfield code="z">(OCoLC)972970922</subfield>
         <subfield code="z">(OCoLC)973137050</subfield>
      </datafield>
      <datafield tag="040" ind1=" " ind2=" ">
         <subfield code="a">DDO</subfield>
         <subfield code="b">eng</subfield>
         <subfield code="e">rda</subfield>
         <subfield code="c">DDO</subfield>
         <subfield code="d">OCLCO</subfield>
         <subfield code="d">PUL</subfield>
         <subfield code="d">OCLCA</subfield>
         <subfield code="d">YDX</subfield>
         <subfield code="d">BTCTA</subfield>
         <subfield code="d">IPS</subfield>
         <subfield code="d">ZYU</subfield>
      </datafield>
      <datafield tag="041" ind1="0" ind2=" ">
         <subfield code="a">tur</subfield>
         <subfield code="a">ger</subfield>
         <subfield code="a">eng</subfield>
         <subfield code="a">ita</subfield>
         <subfield code="a">fre</subfield>
         <subfield code="b">eng</subfield>
         <subfield code="b">tur</subfield>
      </datafield>
      <datafield tag="043" ind1=" " ind2=" ">
         <subfield code="a">a-tu---</subfield>
      </datafield>
      <datafield tag="050" ind1=" " ind2="4">
         <subfield code="a">DS155</subfield>
         <subfield code="b">.V568 2016</subfield>
      </datafield>
      <datafield tag="050" ind1=" " ind2="4">
         <subfield code="a">DS156</subfield>
         <subfield code="b">.V57 2016</subfield>
      </datafield>
      <datafield tag="079" ind1=" " ind2=" ">
         <subfield code="a">(OCoLC)983216838</subfield>
      </datafield>
      <datafield tag="245" ind1="0" ind2="0">
         <subfield code="a">Vir doctus Anatolicus :</subfield>
         <subfield code="b">studies in memory of Sencer Şahin = Sencer Şahin anısına yazılar /</subfield>
         <subfield code="c">edited by/yayıma hazırlayanlar: Burak Takmer, Ebru N. Akdoğu Arca, Nura Gökalp Özdil.</subfield>
      </datafield>
      <datafield tag="246" ind1="3" ind2="0">
         <subfield code="a">Studies in memory of Sencer Şahin</subfield>
      </datafield>
      <datafield tag="246" ind1="3" ind2="0">
         <subfield code="a">Sencer Şahin anısına yazılar</subfield>
      </datafield>
      <datafield tag="250" ind1=" " ind2=" ">
         <subfield code="a">Birinci baskı.</subfield>
      </datafield>
      <datafield tag="264" ind1=" " ind2="1">
         <subfield code="a">İstanbul :</subfield>
         <subfield code="b">Kabalcı Yayıncılık,</subfield>
         <subfield code="c">2016.</subfield>
      </datafield>
      <datafield tag="300" ind1=" " ind2=" ">
         <subfield code="a">xxxii, 925 pages :</subfield>
         <subfield code="b">illustrations, maps, plans ;</subfield>
         <subfield code="c">31 cm.</subfield>
      </datafield>
      <datafield tag="336" ind1=" " ind2=" ">
         <subfield code="a">text</subfield>
         <subfield code="b">txt</subfield>
         <subfield code="2">rdacontent</subfield>
      </datafield>
      <datafield tag="337" ind1=" " ind2=" ">
         <subfield code="a">unmediated</subfield>
         <subfield code="b">n</subfield>
         <subfield code="2">rdamedia</subfield>
      </datafield>
      <datafield tag="338" ind1=" " ind2=" ">
         <subfield code="a">volume</subfield>
         <subfield code="b">nc</subfield>
         <subfield code="2">rdacarrier</subfield>
      </datafield>
      <datafield tag="490" ind1="1" ind2=" ">
         <subfield code="a">Philia supplements ;</subfield>
         <subfield code="v">volume 1</subfield>
      </datafield>
      <datafield tag="490" ind1="1" ind2=" ">
         <subfield code="a">Kabalcı Yayıncılık ;</subfield>
         <subfield code="v">142</subfield>
      </datafield>
      <datafield tag="500" ind1=" " ind2=" ">
         <subfield code="a">Festschrift commemorating Sencer Şahin's 75th birthday.</subfield>
      </datafield>
      <datafield tag="500" ind1=" " ind2=" ">
         <subfield code="a">"Sencer Şahin (1939-2014) sayısız yayınıyla eskiçağ Anadolusu'nun daha iyi anlaşılmasına önemli katkı sunmuştur. Epigrafi, tarihsel coğrafya ve eskiçağ tarihi üzerine yürüttüğü çalışmalar ona aynı zamanda uluslararası bir itibar da kazandırmıştır. Sencer Şahin bu bilim disiplinlerinin Türkiye'nin akademik hayatında kurumsallaşması için de büyük çaba harcamış ve bilimsel çalışmalarını devam ettirecek çok sayıda öğrenci yetiştirmiştir. Pek çok meslektaşı ve öğrencisi onun anısına yayımlanan vir doctus Anatolicus başlıklı bu kitapta epigrafi, eskiçağ tarihi, tarihsel coğrafya ve arkeoloji üzerine kaleme aldıkları yetmiş dört makaleyle onun anısını yaşatmaktadırlar. "--Back cover.</subfield>
      </datafield>
      <datafield tag="500" ind1=" " ind2=" ">
         <subfield code="a">"Thanks to his many publications, Sencer Şahin made a significiant contribution to a better understanding of ancient Asia Minor. Especially his studies on epigraphy, historical geography and ancient history earned him an international renown. He made great offers to establish these disciplines in the academic life of Turkey as well as training considerable number of students, who will carry on his scholarly works. With this volume, consisting of seventy-four articles on epigraphy, ancient history, historical geography and archaelogy, numerous colleagues and students pay posthumous tribute to this vir doctus Anatolicus."--Back cover.</subfield>
      </datafield>
      <datafield tag="504" ind1=" " ind2=" ">
         <subfield code="a">"Sencer Şahin'in yayınları = Publications of Sencer Şahin": pages xv-xxiv.</subfield>
      </datafield>
      <datafield tag="504" ind1=" " ind2=" ">
         <subfield code="a">Includes bibliographical references.</subfield>
      </datafield>
      <datafield tag="546" ind1=" " ind2=" ">
         <subfield code="a">Contributions in Turkish, German, English, Italian, and French; abstracts in English and Turkish.</subfield>
      </datafield>
      <datafield tag="505" ind1="0" ind2="0">
         <subfield code="t">Nemesis in der bithynischen Metropole Nikaia und ein Proconsul der Provinz Asia /</subfield>
         <subfield code="r">Mustafa Adak --</subfield>
         <subfield code="t">Antik Patara Kentinde Paleocoğrafya ve Jeoarkeoloji Araştırmalarına Paleontolojik Analizlerin Katkısı /</subfield>
         <subfield code="r">Hüsna Akbulut, Ertuğ Öner --</subfield>
         <subfield code="t">Iulius Iulianus Phrygia-Caria Eyaleti'nin İlk Valisi miydi? /</subfield>
         <subfield code="r">Ebru N. Akdoğu Arca --</subfield>
         <subfield code="t">Phrygia'dan Dionysos için Yeni bir Adak Yazıtı /</subfield>
         <subfield code="r">Elif Akgün Kaya --</subfield>
         <subfield code="t">Bolu'dan Caracalla Dönemi'ne ait bir ad fines Miltaşı /</subfield>
         <subfield code="r">Yasemin Akın --</subfield>
         <subfield code="t">Khios Amphora ve Lagynoslarında Görülen Ortak Üretici İsimleri /</subfield>
         <subfield code="r">Erkan Alkaç --</subfield>
         <subfield code="t">Herakleia Pontike'li Historiograflar ve Eserleri /</subfield>
         <subfield code="r">Murat Arslan --</subfield>
         <subfield code="t">Karaman Muratdede/Masdat Köyü'nden Üç Asker Yazıtı /</subfield>
         <subfield code="r">Ercan Aşkın /</subfield>
         <subfield code="r">Nallıhan Çevresinden Yeni Yazıtlar: Sulpicii Ailesi /</subfield>
         <subfield code="r">Fatma Avcu --</subfield>
         <subfield code="t">Zur Bezeichung des Grabes und der Grabanlagen im Phrygischen /</subfield>
         <subfield code="r">Alexandru Avram --</subfield>
         <subfield code="t">Pamphylia'nın İlk Neokoros Unvanınin Perge'ye Verilmesi Hakkında Düşünceler /</subfield>
         <subfield code="r">Ferit Baz --</subfield>
         <subfield code="t">Pednelissos in Pisidien : Notizen zu Geschichte, Stadtentwicklung und Verwaltung in Hellenistischer und römischer Zeit /</subfield>
         <subfield code="r">Ralf Behrwald, Hartwin Brandt --</subfield>
         <subfield code="t">Die Küsten von Hellespont und Bithynien im Spiegel der Portulane und Portulankarten /</subfield>
         <subfield code="r">Klaus Belke --</subfield>
         <subfield code="t">La Phrygie Parorée et Pisidienne aux confins des provinces romaines d'Asie, de Galatie et de Lycie-Pamphylie /</subfield>
         <subfield code="r">Hadrien Bru --</subfield>
         <subfield code="t">The Age of a parthenos : a new epitaph from Aphrodisias /</subfield>
         <subfield code="r">Angelos Chaniotis --</subfield>
         <subfield code="t">"Die berühmten Kassier" in Bithynein /</subfield>
         <subfield code="r">Thomas Corsten --</subfield>
         <subfield code="t">Ptolemaioi as Commanders in 3rd-Century Asia Minor and Some Glimpses on Ephesos and Mylasa during the Second and Third Syrian Wars /</subfield>
         <subfield code="r">Altay Coşkun --</subfield>
         <subfield code="t">Isparta Arkeoloji Müzesi'nden Yeni Yazıtlar /</subfield>
         <subfield code="r">Asuman Coşkun Abuagla --</subfield>
         <subfield code="t">Termessos'ta Yeni Keşfedilen "Pan Temenosu" /</subfield>
         <subfield code="r">A. Vedat Çelgin, Mehmet Kürkçü --</subfield>
      </datafield>
      <datafield tag="505" ind1="8" ind2="0">
         <subfield code="t">Bithynia'dan Yeni Mezar Yazıtları /</subfield>
         <subfield code="r">Nurşah Çokbankir Şengül --</subfield>
         <subfield code="t">Un nuovo frammento di lista efebica da Antinoupolis /</subfield>
         <subfield code="r">Lucio Del Corso, Rosario Pintaudi --</subfield>
         <subfield code="t">Sezgin Köksal Koleksiyonu'ndan Apameia Myrelia'ya (Mudanya) Ait Yeni Yazıtlar /</subfield>
         <subfield code="r">Yadigar Doğan --</subfield>
         <subfield code="t">Platon'un Apologia'sındaki Sokrates'in Kişiliğine Yeni Bir Bakış /</subfield>
         <subfield code="r">Haydar Dönmez --</subfield>
         <subfield code="t">Ehrenplätze für Dopinghersteller : Die (Kranz-) Agone und ihre Bedeutung im Licht neuer Ausgrabungen von Magnesia am Mäander /</subfield>
         <subfield code="r">Boris Dreyer --</subfield>
         <subfield code="t">Korykos'tan (Dağlık Kilikia) Bir Mezar Steli /</subfield>
         <subfield code="r">Serra Durugönül --</subfield>
         <subfield code="t">Karasis Kalesi Hakkında Bir Yorum /</subfield>
         <subfield code="r">Murat Durukan, Ulus Tepebaş, Muzaffer Yilmaz --</subfield>
         <subfield code="t">Eine neue Weihinschrift für Meter aus Dorylaion /</subfield>
         <subfield code="r">Emre Erten, Hakan Sivas --</subfield>
         <subfield code="t">The Alleged Dynastic Era of Commagene /</subfield>
         <subfield code="r">Marherita Facella --</subfield>
         <subfield code="t">Citoyenneté romaine et onomastique grecque au lendemain de la constitutio Antoniniana: les cognomina en -ianos dans les inscriptions de Pamphylie et de Bithynie /</subfield>
         <subfield code="r">Denis Feissel --</subfield>
         <subfield code="t">Zur Bedeutung von Waldbränden in der Antike /</subfield>
         <subfield code="r">Klaus Freitag --</subfield>
         <subfield code="t">Groups and Associations in Bithynia and Pontus: Interaction with prominent Statesmen and provincial Governors /</subfield>
         <subfield code="r">Nikos Giannakopoulos --</subfield>
         <subfield code="t">Antalya Müzesi'nden Yeni Adak ve Mezar Yazıtları /</subfield>
         <subfield code="r">Nuray Gökalp Özdil --</subfield>
         <subfield code="t">Die älteste Getribedarstellung der Welt : Ammianos, der "Daedalos" und Erfinder aus Hierapolis in Phrygien /</subfield>
         <subfield code="r">Klaus Grewe --</subfield>
         <subfield code="t">Emperor Hadrian's Reconstruction Projects in Mysia and Bithynia /</subfield>
         <subfield code="r">Onur Gülbay --</subfield>
         <subfield code="t">Zur Karriere des Lucius Septimius Flavianus Flavillianus aus Oinoanda /</subfield>
         <subfield code="r">Peter Herz --</subfield>
         <subfield code="t">Topographica Carica /</subfield>
         <subfield code="r">Friedrich Hild --</subfield>
         <subfield code="t">Griechische Grabepigramme in Karien : Zeugnisse der Hellenisierung der lokalen Bevölkerung? /</subfield>
         <subfield code="r">Julia Hoffmann-Salz --</subfield>
      </datafield>
      <datafield tag="505" ind1="8" ind2="0">
         <subfield code="t">Der Name Zotion und die Authentizität der Ignatiusbriefe /</subfield>
         <subfield code="r">Ulrich Huttner --</subfield>
         <subfield code="t">Serdica Konsili M.S. 343: Doğu ve Batı Kiliselerinin Yol Amrımı Mı? /</subfield>
         <subfield code="r">Turhan Kaçar --</subfield>
         <subfield code="t">Non-elite Benefactors in the Roman East: Building Activity by Freedmen, Slaves, Craftsmen and Traders /</subfield>
         <subfield code="r">Maria Kantirea --</subfield>
         <subfield code="t">Roma İmparatoru Hadrianus ve Anadolu: Geziler, Eyaletler ve Kentler /</subfield>
         <subfield code="r">Mehmet Ali Kaya, Kevser Taşdöner Özcan --</subfield>
         <subfield code="t">Antonius'un Caesar için Verdiği Laudatio Funebriste Propaganda /</subfield>
         <subfield code="r">Rabia Kayapınar Akçoru --</subfield>
         <subfield code="t">An Imperial Freedman's Dedication in Phrygia /</subfield>
         <subfield code="r">Rosalinde A. Kearsley --</subfield>
         <subfield code="t">Kappadokia Komana'sı Geç Roma Seramikleri /</subfield>
         <subfield code="r">Hatice Körsulu --</subfield>
         <subfield code="t">Imperial Cult, Greek Gods and Local Society in Demetrias (Thessaly) /</subfield>
         <subfield code="r">Sofia Kravaritou --</subfield>
         <subfield code="t">Contrascriptores im römischen Zollwesen /</subfield>
         <subfield code="r">Peter Kritzinger --</subfield>
         <subfield code="t">Les inscriptions d'Antioche de Pisidie à Hüyüklü /</subfield>
         <subfield code="r">Guy Labarre, Mehmet Özsait --</subfield>
         <subfield code="t">Monete provenienti dal Monte Nif (Olympos) in Ionia /</subfield>
         <subfield code="r">Dinçer S. Lenger --</subfield>
         <subfield code="t">A Roman Senator 'redivivus' and a new Asiarch: Two new Inscriptions from Thyateira and Hierokaisareia /</subfield>
         <subfield code="r">Hasan Malay, Marijana Ricl --</subfield>
         <subfield code="t">Die Akropolis von Perge in der Kaiserzeit und ihre Bedeutung für die Stadt /</subfield>
         <subfield code="r">Wolfram Martini --</subfield>
         <subfield code="t">La revisione augustea della lex portus Asiae /</subfield>
         <subfield code="r">Giovanna Daniela Merola --</subfield>
         <subfield code="t">Ermēneia: The Greek Translations of the sacrae litterae on Official HOspitality (AD 204) /</subfield>
         <subfield code="r">Stephen Mitchell --</subfield>
         <subfield code="t">Harpaliani: A New Village of the Roman Colony of Philippi /</subfield>
         <subfield code="r">Pantelis Nigdelis --</subfield>
         <subfield code="t">Lyrboton Kome Yerleşimi'nden bir Phratra /</subfield>
         <subfield code="r">Mehmet Oktan --</subfield>
         <subfield code="t">Antik Literatürden Örneklerle Akdeniz Dünyasında Kybele Kültü /</subfield>
         <subfield code="r">Elif Burcu Özkan --</subfield>
         <subfield code="t">Karadeniz Ereğli Müzesi'nden Herakles Aleksikakos'a Sunulan Bir Adağın Düşündürdükleri /</subfield>
         <subfield code="r">Bülent Öztürk --</subfield>
         <subfield code="t">Spetator-Athlete Interaction in Ancient Greek Athletics /</subfield>
         <subfield code="r">Zinon Papakonstantinou --</subfield>
      </datafield>
      <datafield tag="505" ind1="8" ind2="0">
         <subfield code="t">Epigraphische Kleinarbeit: Zu Inschriften der Synagoge von Sardeis /</subfield>
         <subfield code="r">Georg Petzl --</subfield>
         <subfield code="t">Die Tabula Peutingeriana: Stand der Forschung und neue Impulse /</subfield>
         <subfield code="r">Michael Rathmann --</subfield>
         <subfield code="t">Küçük Asya'da Diadokhoi Savaşları: Kardia'lı Eumenes'in Savaş Stratejisi /</subfield>
         <subfield code="r">Sevgi Sarıkaya --</subfield>
         <subfield code="t">Septimius Severus, Iulia Domna ve Perinthos /</subfield>
         <subfield code="r">Mustafa H. Sayar --</subfield>
         <subfield code="t">Von Leto, Fröschen und so weiter: Brückenschläge zwischen Versailles und Hattusa /</subfield>
         <subfield code="r">Diether Schürr --</subfield>
         <subfield code="t">Konstantins Ticinum-Medallion und der Ursprung der Dreigötterbrakteaten /</subfield>
         <subfield code="r">Michael P. Speidel --</subfield>
         <subfield code="t">Zwei in der Kölner Abklatschsammlung gefundene Grabepigramme aus Nikaia /</subfield>
         <subfield code="r">Gregor Staab --</subfield>
         <subfield code="t">New Documents from the Roman Military Administration in Egypt's Eastern Desert: The Ostraca from the Praesidium of Didymoi /</subfield>
         <subfield code="r">Konrad Stauner --</subfield>
         <subfield code="t">Anmerkungen zum Währungsedikt Diokletians vom 1.9.301 n Chr. aus Aphrodisias /</subfield>
         <subfield code="r">Karl Strobel --</subfield>
         <subfield code="t">Havza'dan Yeni Bir Miltaşı Üzerinde Aradii Soyundan Yeni Bir Galatia Valisi: C. Aradius Rufinus /</subfield>
         <subfield code="r">Burak Takmer --</subfield>
         <subfield code="t">Early Byzantine Weights in the Silifke Museum /</subfield>
         <subfield code="r">Oğuz Tekin --</subfield>
         <subfield code="t">Yeni Hitit Yazı Araç-Gereçli /</subfield>
         <subfield code="r">S. Gökhan Tiryaki --</subfield>
         <subfield code="t">Phaselis'ten Imparator Lucius Verus İçin Yeni Bir Adak Yazıtı /</subfield>
         <subfield code="r">Nihal Tüner-Önen --</subfield>
         <subfield code="t">Neue Inschriften aus Apollonia ad Rhyndacum /</subfield>
         <subfield code="r">Hüseyin Uzunoğlu --</subfield>
         <subfield code="t">Judeo-Hıristiyan Tarih Yazıcılığı, Oriyentalizm, Eski Anadolu Kültürleri, Arkeoloji ve Türkler /</subfield>
         <subfield code="r">Ahmet Ünal --</subfield>
         <subfield code="t">Priapus in Rough Cilicia? /</subfield>
         <subfield code="r">Günder Varinlioğlu, Ender Varinlioğlu --</subfield>
         <subfield code="t">Kaunos Tiyatrosu'nun Klasik Dönem Sahne Binası /</subfield>
         <subfield code="r">Burhan Varkıvanç.</subfield>
      </datafield>
      <datafield tag="650" ind1=" " ind2="0">
         <subfield code="a">Inscriptions</subfield>
         <subfield code="z">Turkey.</subfield>
      </datafield>
      <datafield tag="650" ind1=" " ind2="0">
         <subfield code="a">Inscriptions, Greek</subfield>
         <subfield code="z">Turkey.</subfield>
      </datafield>
      <datafield tag="650" ind1=" " ind2="0">
         <subfield code="a">Excavations (Archaeology)</subfield>
         <subfield code="z">Turkey.</subfield>
      </datafield>
      <datafield tag="651" ind1=" " ind2="0">
         <subfield code="a">Turkey</subfield>
         <subfield code="x">Antiquities.</subfield>
      </datafield>
      <datafield tag="651" ind1=" " ind2="7">
         <subfield code="a">Asia Minor.</subfield>
         <subfield code="2">pleiades</subfield>
         <subfield code="0">https://pleiades.stoa.org/places/837</subfield>
      </datafield>
      <datafield tag="600" ind1="1" ind2="0">
         <subfield code="a">Şahin, Sencer</subfield>
         <subfield code="v">Bibliography.</subfield>
      </datafield>
      <datafield tag="700" ind1="1" ind2=" ">
         <subfield code="a">Şahin, Sencer,</subfield>
         <subfield code="e">honouree.</subfield>
      </datafield>
      <datafield tag="700" ind1="1" ind2=" ">
         <subfield code="a">Takmer, Burak,</subfield>
         <subfield code="e">editor.</subfield>
      </datafield>
      <datafield tag="700" ind1="1" ind2=" ">
         <subfield code="a">Akdoğu Arca, Ebru N.,</subfield>
         <subfield code="e">editor.</subfield>
      </datafield>
      <datafield tag="700" ind1="1" ind2=" ">
         <subfield code="a">Gökalp Özdil, Nuray,</subfield>
         <subfield code="e">editor.</subfield>
      </datafield>
      <datafield tag="830" ind1=" " ind2="0">
         <subfield code="a">Philia supplements ;</subfield>
         <subfield code="v">v. 1.</subfield>
      </datafield>
      <datafield tag="830" ind1=" " ind2="0">
         <subfield code="a">Kabalcı Yayıncılık (Series) ;</subfield>
         <subfield code="v">142</subfield>
      </datafield>
      <datafield tag="OWN" ind1=" " ind2=" ">
         <subfield code="a">GENERAL</subfield>
      </datafield>
      <datafield tag="AVA" ind1=" " ind2=" ">
         <subfield code="a">NYU50</subfield>
         <subfield code="b">NISAW</subfield>
         <subfield code="c">Large Collection</subfield>
         <subfield code="d">DS155 .V568 2016 Non-circulating</subfield>
         <subfield code="e">available</subfield>
         <subfield code="t">Available</subfield>
         <subfield code="f">1</subfield>
         <subfield code="g">0</subfield>
         <subfield code="h">N</subfield>
         <subfield code="i">0</subfield>
         <subfield code="j">LARGE</subfield>
         <subfield code="k">0</subfield>
      </datafield>
      <marc:datafield tag="852" ind1=" " ind2=" ">
         <marc:subfield code="b">Institute for the Study of the Ancient World, </marc:subfield>
         <marc:subfield code="c">Large Collection</marc:subfield>
         <marc:subfield code="e">15 East 84th St., </marc:subfield>
         <marc:subfield code="e">New York, NY  10028</marc:subfield>
      </marc:datafield>
   </record>