
  
  
  
  
  
  
  
  
  
  
  
 
  
  <record xsi:schemaLocation="http://www.loc.gov/MARC21/slim http://www.loc.gov/standards/marcxml/schema/MARC21slim.xsd">
      <leader>00000cam a2200853 a 4500</leader>
      <controlfield tag="FMT">BK</controlfield>
      <controlfield tag="LDR">00000cam a2200853 a 4500</controlfield>
      <controlfield tag="001">005686055</controlfield>
      <controlfield tag="003">OCoLC</controlfield>
      <controlfield tag="005">20171116155756.0</controlfield>
      <controlfield tag="008">920701s1991    fr a     b    010 0 fre</controlfield>
      <datafield tag="010" ind1=" " ind2=" ">
         <subfield code="a">92180958</subfield>
         <subfield code="z">92153179</subfield>
      </datafield>
      <datafield tag="016" ind1="7" ind2=" ">
         <subfield code="a">010156695</subfield>
         <subfield code="2">Uk</subfield>
      </datafield>
      <datafield tag="020" ind1=" " ind2=" ">
         <subfield code="a">2251604448</subfield>
      </datafield>
      <datafield tag="020" ind1=" " ind2=" ">
         <subfield code="a">9782251604442</subfield>
      </datafield>
      <datafield tag="035" ind1=" " ind2=" ">
         <subfield code="a">(OCoLC)26589367</subfield>
         <subfield code="z">(OCoLC)24990689</subfield>
         <subfield code="z">(OCoLC)59947291</subfield>
      </datafield>
      <datafield tag="040" ind1=" " ind2=" ">
         <subfield code="a">DLC</subfield>
         <subfield code="b">eng</subfield>
         <subfield code="c">DLC</subfield>
         <subfield code="d">FIL</subfield>
         <subfield code="d">OCLCQ</subfield>
         <subfield code="d">NLGGC</subfield>
         <subfield code="d">LVB</subfield>
         <subfield code="d">GEBAY</subfield>
         <subfield code="d">ZWZ</subfield>
         <subfield code="d">UKMGB</subfield>
         <subfield code="d">GBVCP</subfield>
         <subfield code="d">OCLCO</subfield>
         <subfield code="d">UPX</subfield>
         <subfield code="d">OCLCF</subfield>
         <subfield code="d">OCLCQ</subfield>
         <subfield code="d">ZYU</subfield>
      </datafield>
      <datafield tag="041" ind1="0" ind2=" ">
         <subfield code="a">fre</subfield>
         <subfield code="a">ger</subfield>
      </datafield>
      <datafield tag="043" ind1=" " ind2=" ">
         <subfield code="a">e-gr---</subfield>
         <subfield code="a">f-ua---</subfield>
      </datafield>
      <datafield tag="050" ind1="0" ind2="0">
         <subfield code="a">PA26.B47</subfield>
         <subfield code="b">M45 1991</subfield>
      </datafield>
      <datafield tag="079" ind1=" " ind2=" ">
         <subfield code="a">(OCoLC)26589367</subfield>
      </datafield>
      <datafield tag="082" ind1="0" ind2="0">
         <subfield code="a">480</subfield>
         <subfield code="2">20</subfield>
      </datafield>
      <datafield tag="084" ind1=" " ind2=" ">
         <subfield code="a">18.41</subfield>
         <subfield code="2">bcl</subfield>
      </datafield>
      <datafield tag="245" ind1="0" ind2="0">
         <subfield code="a">Mélanges :</subfield>
         <subfield code="b">Etienne Bernand /</subfield>
         <subfield code="c">edités par Nicole Fick et Jean-Claude Carrière.</subfield>
      </datafield>
      <datafield tag="260" ind1=" " ind2=" ">
         <subfield code="a">[Besançon] :</subfield>
         <subfield code="b">Université de Besançon ;</subfield>
         <subfield code="a">Paris :</subfield>
         <subfield code="b">Diffusion Les Belles Lettres,</subfield>
         <subfield code="c">1991.</subfield>
      </datafield>
      <datafield tag="300" ind1=" " ind2=" ">
         <subfield code="a">xii, 410 pages :</subfield>
         <subfield code="b">illustrations (some color) ;</subfield>
         <subfield code="c">24 cm.</subfield>
      </datafield>
      <datafield tag="336" ind1=" " ind2=" ">
         <subfield code="a">text</subfield>
         <subfield code="b">txt</subfield>
         <subfield code="2">rdacontent</subfield>
      </datafield>
      <datafield tag="337" ind1=" " ind2=" ">
         <subfield code="a">unmediated</subfield>
         <subfield code="b">n</subfield>
         <subfield code="2">rdamedia</subfield>
      </datafield>
      <datafield tag="338" ind1=" " ind2=" ">
         <subfield code="a">volume</subfield>
         <subfield code="b">nc</subfield>
         <subfield code="2">rdacarrier</subfield>
      </datafield>
      <datafield tag="490" ind1="1" ind2=" ">
         <subfield code="a">Annales littéraires de l'Université de Besançon ;</subfield>
         <subfield code="v">444</subfield>
      </datafield>
      <datafield tag="490" ind1="1" ind2=" ">
         <subfield code="a">Institut Félix Gaffiot ;</subfield>
         <subfield code="v">vol. 8</subfield>
      </datafield>
      <datafield tag="546" ind1=" " ind2=" ">
         <subfield code="a">Articles in French, with one in German.</subfield>
      </datafield>
      <datafield tag="504" ind1=" " ind2=" ">
         <subfield code="a">Includes bibliographical references.</subfield>
      </datafield>
      <datafield tag="505" ind1="0" ind2="0">
         <subfield code="t">Commode : témoignage en Égypte et monnayage alexandrin /</subfield>
         <subfield code="r">Soheir Bakhoum --</subfield>
         <subfield code="t">La vie "mondaine" des femmes en Grèce et Rome /</subfield>
         <subfield code="r">Iza Biezunska-Malowist --</subfield>
         <subfield code="t">Continuité et discontinuité notionale dans la terminologie religieuse du Nil /</subfield>
         <subfield code="r">Danielle Bonneau --</subfield>
         <subfield code="t">Le fils de Pythéas, Égyptien de Naucratis /</subfield>
         <subfield code="r">Alain Bresson --</subfield>
         <subfield code="t">La voix des femmes : les femmes et la guerre dans Les Sept contre Thèbes /</subfield>
         <subfield code="r">Louise Bruit --</subfield>
         <subfield code="t">Un Phrygien à Dyrrhachion /</subfield>
         <subfield code="r">Pierre Cabanes --</subfield>
         <subfield code="t">Mystique ou politique dans les Travaux et les Jours d'Hésiode : l'authenticité et les enjeux du vers 108 /</subfield>
         <subfield code="r">Jean-Claude Carriere --</subfield>
         <subfield code="t">Sur la notion de Mélange en grec ancien (Mixobarbare ou Mixhellène?) /</subfield>
         <subfield code="r">Michel Casevitz --</subfield>
         <subfield code="t">Deux tablettes parisiennes en provenance d'Égypte, pour illustrer l'apprentissage des lettres grecques /</subfield>
         <subfield code="r">Patrice Cauderlier --</subfield>
         <subfield code="t">Science alexandrine et jeux de construction en Biterrois /</subfield>
         <subfield code="r">Monique Clavel-Lévêque --</subfield>
         <subfield code="t">Du nouveau sur l'Auunculus de Sénèque? /</subfield>
      </datafield>
      <datafield tag="505" ind1="0" ind2="0">
         <subfield code="9"/>
         <subfield code="r">Mireille Corbier --</subfield>
         <subfield code="t">Ostraca grecs d'El Heita (Égypte, désert oriental) /</subfield>
         <subfield code="r">Hélène Cuvigny --</subfield>
         <subfield code="t">Le roman de Daphnis et Chloé ou comment ne pas être un "animal politique" /</subfield>
         <subfield code="r">Cécile Daude --</subfield>
         <subfield code="t">La triade du rocher d'Akôris /</subfield>
         <subfield code="r">Marie Drew-Bear --</subfield>
         <subfield code="t">Miracles et guérisons en Égypte tardive /</subfield>
         <subfield code="r">Françoise Dunand --</subfield>
         <subfield code="t">Pythias et le rituel égyptien du marché d'Hypata (Apulée, Mét., I, 25) /</subfield>
         <subfield code="r">Nicole Fick --</subfield>
         <subfield code="t">Le panthéon démocratique d'Homère /</subfield>
         <subfield code="r">Pierre Fortassier --</subfield>
         <subfield code="t">Recueil des inscriptions sur pierre de Couchey (Côte d'Or), 1550-1850 /</subfield>
         <subfield code="r">Françoise Kerlouégan --</subfield>
         <subfield code="t">Deux inscriptions de Cos au Musée de Besançon /</subfield>
         <subfield code="r">Lucien Lerat --</subfield>
         <subfield code="t">Le blond Ptolémée, les héros et les dieux /</subfield>
         <subfield code="r">Pierre Lévêque --</subfield>
         <subfield code="t">Un détour par l'Arabie et le pays des pieds noirs (Apollodore, Bibliothèque, livre II) /</subfield>
         <subfield code="r">Marie-Madeleine Mactoux --</subfield>
         <subfield code="t">La logique du rituel magique dans l'Idylle II de Théocrite /</subfield>
         <subfield code="r">Claude Meillier --</subfield>
      </datafield>
      <datafield tag="505" ind1="0" ind2="0">
         <subfield code="9"/>
         <subfield code="t">Altägyptische Vorstellungen in christlichen Texten aus Ägypten /</subfield>
         <subfield code="r">R. Merkelbach --</subfield>
         <subfield code="t">Vendre ou partager ses richesses? Les avatars d'un Proverbe biblique /</subfield>
         <subfield code="r">Pierre Monat --</subfield>
         <subfield code="t">Une méthode pour aborder scientifiquement l'hérésiologie d'Épiphane et un aperçu des résultats obtenus /</subfield>
         <subfield code="r">Aline Pourkier --</subfield>
         <subfield code="t">Pierres d'Égypte /</subfield>
         <subfield code="r">Moenis Taha-Hussein --</subfield>
         <subfield code="t">Un graffito métrique érotique de Villards d'Héria /</subfield>
         <subfield code="r">Alain Vassileiou --</subfield>
         <subfield code="t">Épigraphie grecque d'Égypte : à propos d'une nouvelle inscription d'Akôris /</subfield>
         <subfield code="r">Guy Wagner --</subfield>
         <subfield code="t">Mythes égyptiens en Séquanie /</subfield>
         <subfield code="r">Hélène Walter --</subfield>
         <subfield code="t">Mise en scène et création littéraire dans les Éthiopiques /</subfield>
         <subfield code="r">Michel Woronoff.</subfield>
      </datafield>
      <datafield tag="650" ind1=" " ind2="0">
         <subfield code="a">Greek philology.</subfield>
      </datafield>
      <datafield tag="650" ind1=" " ind2="0">
         <subfield code="a">Inscriptions, Greek.</subfield>
      </datafield>
      <datafield tag="651" ind1=" " ind2="0">
         <subfield code="6">880-01</subfield>
         <subfield code="a">Greece</subfield>
         <subfield code="x">Antiquities.</subfield>
      </datafield>
      <datafield tag="651" ind1=" " ind2="0">
         <subfield code="a">Egypt</subfield>
         <subfield code="x">Antiquities.</subfield>
      </datafield>
      <datafield tag="651" ind1=" " ind2="7">
         <subfield code="a">Aegyptus.</subfield>
         <subfield code="2">pleiades</subfield>
         <subfield code="0">https://pleiades.stoa.org/places/766</subfield>
      </datafield>
      <datafield tag="651" ind1=" " ind2="7">
         <subfield code="a">Hellas.</subfield>
         <subfield code="2">pleiades</subfield>
         <subfield code="0">https://pleiades.stoa.org/places/1001896</subfield>
      </datafield>
      <datafield tag="650" ind1=" " ind2="4">
         <subfield code="a">Bernand, Etienne.</subfield>
      </datafield>
      <datafield tag="650" ind1=" " ind2="7">
         <subfield code="a">Antiquities.</subfield>
         <subfield code="2">fast</subfield>
         <subfield code="0">(OCoLC)fst00810745</subfield>
      </datafield>
      <datafield tag="650" ind1=" " ind2="7">
         <subfield code="a">Greek philology.</subfield>
         <subfield code="2">fast</subfield>
         <subfield code="0">(OCoLC)fst00947491</subfield>
      </datafield>
      <datafield tag="650" ind1=" " ind2="7">
         <subfield code="a">Inscriptions, Greek.</subfield>
         <subfield code="2">fast</subfield>
         <subfield code="0">(OCoLC)fst00973878</subfield>
      </datafield>
      <datafield tag="651" ind1=" " ind2="7">
         <subfield code="a">Egypt.</subfield>
         <subfield code="2">fast</subfield>
         <subfield code="0">(OCoLC)fst01208755</subfield>
      </datafield>
      <datafield tag="651" ind1=" " ind2="7">
         <subfield code="a">Greece.</subfield>
         <subfield code="2">fast</subfield>
         <subfield code="0">(OCoLC)fst01208380</subfield>
      </datafield>
      <datafield tag="653" ind1=" " ind2="0">
         <subfield code="a">Egypt</subfield>
         <subfield code="a">Antiquities.</subfield>
      </datafield>
      <datafield tag="653" ind1=" " ind2="0">
         <subfield code="a">Greece</subfield>
         <subfield code="a">Antiquities.</subfield>
      </datafield>
      <datafield tag="653" ind1=" " ind2="0">
         <subfield code="a">Greek philology.</subfield>
      </datafield>
      <datafield tag="653" ind1=" " ind2="0">
         <subfield code="a">Inscriptions, Greek.</subfield>
      </datafield>
      <datafield tag="700" ind1="1" ind2=" ">
         <subfield code="a">Bernand, Etienne.</subfield>
      </datafield>
      <datafield tag="700" ind1="1" ind2=" ">
         <subfield code="a">Fick-Michel, Nicole.</subfield>
      </datafield>
      <datafield tag="700" ind1="1" ind2=" ">
         <subfield code="a">Carrière, Jean-Claude.</subfield>
      </datafield>
      <datafield tag="776" ind1="0" ind2="8">
         <subfield code="i">Online version:</subfield>
         <subfield code="t">Mélanges.</subfield>
         <subfield code="d">[Besançon] : Université de Besançon ; Paris : Diffusion Les Belles Lettres, 1991</subfield>
         <subfield code="w">(OCoLC)646937263</subfield>
      </datafield>
      <datafield tag="880" ind1=" " ind2="4">
         <subfield code="6">651-01/</subfield>
         <subfield code="a">Ελλάδα</subfield>
         <subfield code="x">Αρχαιότητες.</subfield>
      </datafield>
      <datafield tag="830" ind1=" " ind2="0">
         <subfield code="a">Annales littéraires de l'Université de Besançon ;</subfield>
         <subfield code="v">444.</subfield>
      </datafield>
      <datafield tag="830" ind1=" " ind2="0">
         <subfield code="a">Institut Félix Gaffiot (Series) ;</subfield>
         <subfield code="v">v. 8.</subfield>
      </datafield>
      <datafield tag="OWN" ind1=" " ind2=" ">
         <subfield code="a">GENERAL</subfield>
      </datafield>
      <datafield tag="AVA" ind1=" " ind2=" ">
         <subfield code="a">NYU50</subfield>
         <subfield code="b">NISAW</subfield>
         <subfield code="c">Small Collection</subfield>
         <subfield code="d">PA26.B47 M45 1991 Non-circulating</subfield>
         <subfield code="e">available</subfield>
         <subfield code="t">Available</subfield>
         <subfield code="f">1</subfield>
         <subfield code="g">0</subfield>
         <subfield code="h">N</subfield>
         <subfield code="i">0</subfield>
         <subfield code="j">SMALL</subfield>
         <subfield code="k">0</subfield>
      </datafield>
      <marc:datafield tag="852" ind1=" " ind2=" ">
         <marc:subfield code="b">Institute for the Study of the Ancient World, </marc:subfield>
         <marc:subfield code="c">Small Collection</marc:subfield>
         <marc:subfield code="e">15 East 84th St., </marc:subfield>
         <marc:subfield code="e">New York, NY  10028</marc:subfield>
      </marc:datafield>
   </record>