
  
  
  
  
  
  
  
  
  
  
  
  
  
  
  
 
  
  <record xsi:schemaLocation="http://www.loc.gov/MARC21/slim http://www.loc.gov/standards/marcxml/schema/MARC21slim.xsd">
      <leader>00000cam a2200745 a 4500</leader>
      <controlfield tag="FMT">BK</controlfield>
      <controlfield tag="LDR">00000cam a2200745 a 4500</controlfield>
      <controlfield tag="001">001592335</controlfield>
      <controlfield tag="003">OCoLC</controlfield>
      <controlfield tag="005">20170831163935.0</controlfield>
      <controlfield tag="008">000726m19979999sw a     b    001 0 eng</controlfield>
      <datafield tag="010" ind1=" " ind2=" ">
         <subfield code="a">2001338772</subfield>
      </datafield>
      <datafield tag="020" ind1=" " ind2=" ">
         <subfield code="a">9179160352 (vol. 1:1-2)</subfield>
      </datafield>
      <datafield tag="020" ind1=" " ind2=" ">
         <subfield code="a">9789179160357 (vol. 1:1-2)</subfield>
      </datafield>
      <datafield tag="020" ind1=" " ind2=" ">
         <subfield code="a">9179160417 (vol. 2)</subfield>
      </datafield>
      <datafield tag="020" ind1=" " ind2=" ">
         <subfield code="a">9789179160418 (vol. 2)</subfield>
      </datafield>
      <datafield tag="020" ind1=" " ind2=" ">
         <subfield code="a">917916045X (vol. 3:1-2)</subfield>
      </datafield>
      <datafield tag="020" ind1=" " ind2=" ">
         <subfield code="a">9789179160456 (vol. 3:1-2)</subfield>
      </datafield>
      <datafield tag="020" ind1=" " ind2=" ">
         <subfield code="z">9789179130609 (vol. 4:1-2)</subfield>
      </datafield>
      <datafield tag="020" ind1=" " ind2=" ">
         <subfield code="a">9789179160647 (vol. 5:1-2)</subfield>
      </datafield>
      <datafield tag="020" ind1=" " ind2=" ">
         <subfield code="a">9179160646 (vol. 5:1-2)</subfield>
      </datafield>
      <datafield tag="020" ind1=" " ind2=" ">
         <subfield code="a">9789179160609</subfield>
      </datafield>
      <datafield tag="020" ind1=" " ind2=" ">
         <subfield code="a">9179160603</subfield>
      </datafield>
      <datafield tag="035" ind1=" " ind2=" ">
         <subfield code="a">(OCoLC)48098665</subfield>
         <subfield code="z">(OCoLC)38429260</subfield>
         <subfield code="z">(OCoLC)862353825</subfield>
         <subfield code="z">(OCoLC)863396684</subfield>
         <subfield code="z">(OCoLC)949486056</subfield>
      </datafield>
      <datafield tag="040" ind1=" " ind2=" ">
         <subfield code="a">DLC</subfield>
         <subfield code="b">eng</subfield>
         <subfield code="c">DLC</subfield>
         <subfield code="d">WAU</subfield>
         <subfield code="d">DRB</subfield>
         <subfield code="d">ZWZ</subfield>
         <subfield code="d">NLGGC</subfield>
         <subfield code="d">BTCTA</subfield>
         <subfield code="d">BAKER</subfield>
         <subfield code="d">YDXCP</subfield>
         <subfield code="d">TXA</subfield>
         <subfield code="d">GEBAY</subfield>
         <subfield code="d">GZM</subfield>
         <subfield code="d">LRU</subfield>
         <subfield code="d">EQO</subfield>
         <subfield code="d">OCLCF</subfield>
         <subfield code="d">MUU</subfield>
         <subfield code="d">OCLCO</subfield>
         <subfield code="d">IUL</subfield>
         <subfield code="d">ZYU</subfield>
      </datafield>
      <datafield tag="043" ind1=" " ind2=" ">
         <subfield code="a">e-gr---</subfield>
      </datafield>
      <datafield tag="050" ind1="0" ind2="0">
         <subfield code="a">DF951.K3234</subfield>
         <subfield code="b">G74 1997</subfield>
      </datafield>
      <datafield tag="079" ind1=" " ind2=" ">
         <subfield code="a">(OCoLC)48098665</subfield>
      </datafield>
      <datafield tag="082" ind1="0" ind2="0">
         <subfield code="a">939/.18</subfield>
         <subfield code="2">21</subfield>
      </datafield>
      <datafield tag="084" ind1=" " ind2=" ">
         <subfield code="a">15.30</subfield>
         <subfield code="2">bcl</subfield>
      </datafield>
      <datafield tag="245" ind1="0" ind2="4">
         <subfield code="a">The Greek-Swedish excavations at the Agia Aikaterini Square, Kastelli, Khania 1970-1987, 2001, 2005 and 2008 :</subfield>
         <subfield code="b">results of the excavations under the direction of Yannis Tzedakis and Carl-Gustaf Styrenius /</subfield>
         <subfield code="c">edited by Erik Hallager and Birgitta P. Hallager.</subfield>
      </datafield>
      <datafield tag="260" ind1=" " ind2=" ">
         <subfield code="a">Jonsered, Sweden :</subfield>
         <subfield code="b">Åström,</subfield>
         <subfield code="c">1997-&lt;2016&gt;</subfield>
      </datafield>
      <datafield tag="260" ind1=" " ind2=" ">
         <subfield code="a">Stockholm :</subfield>
         <subfield code="b">eddy.se ab,</subfield>
         <subfield code="c">2016-</subfield>
      </datafield>
      <datafield tag="300" ind1=" " ind2=" ">
         <subfield code="a">v. &lt;1-5; in 9 &gt; :</subfield>
         <subfield code="b">ill. (some col.) ;</subfield>
         <subfield code="c">31 cm.</subfield>
      </datafield>
      <datafield tag="336" ind1=" " ind2=" ">
         <subfield code="a">text</subfield>
         <subfield code="b">txt</subfield>
         <subfield code="2">rdacontent</subfield>
      </datafield>
      <datafield tag="337" ind1=" " ind2=" ">
         <subfield code="a">unmediated</subfield>
         <subfield code="b">n</subfield>
         <subfield code="2">rdamedia</subfield>
      </datafield>
      <datafield tag="338" ind1=" " ind2=" ">
         <subfield code="a">volume</subfield>
         <subfield code="b">nc</subfield>
         <subfield code="2">rdacarrier</subfield>
      </datafield>
      <datafield tag="490" ind1="1" ind2=" ">
         <subfield code="a">Skrifter utgivna av Svenska institutet i Athen. 4o,</subfield>
         <subfield code="x">0586-0539 ;</subfield>
         <subfield code="v">47</subfield>
      </datafield>
      <datafield tag="500" ind1=" " ind2=" ">
         <subfield code="a">ISAW copy is from the library of Paul Åström.</subfield>
         <subfield code="5">NyNyUAW</subfield>
      </datafield>
      <datafield tag="500" ind1=" " ind2=" ">
         <subfield code="a">One folded illustration inserted in pocket in v. 1, pt. 1.</subfield>
      </datafield>
      <datafield tag="504" ind1=" " ind2=" ">
         <subfield code="a">Includes bibliographical references and indexes.</subfield>
      </datafield>
      <datafield tag="505" ind1="0" ind2="0">
         <subfield code="g">Vol. 1 (pts. 1-2).</subfield>
         <subfield code="t">From the geometric to the modern Greek period /</subfield>
         <subfield code="r">with main contributions by Margrete Hahn, Maria Andreadaki-Vlasaki &amp; Erik Halleger --</subfield>
         <subfield code="g">vol. 2.</subfield>
         <subfield code="t">The late Minoan IIIC settlement /</subfield>
         <subfield code="r">with main contributions by Birgitta P. Hallager &amp; Erik Hallager --</subfield>
         <subfield code="g">vol. 3, pts. 1 &amp; 2.</subfield>
         <subfield code="t">The late Minoan IIIB:2 settlement /</subfield>
         <subfield code="r">with main contributions by Birgitta P. Hallager &amp; Erik Hallager --</subfield>
         <subfield code="g">vol. 4, pts. 1 &amp; 2.</subfield>
         <subfield code="t">The late Minoan IIIB:1 and IIIA:2 settlements /</subfield>
         <subfield code="r">with main contributions by Birgitta P. Hallager &amp; Erik Hallager --</subfield>
         <subfield code="g">vol. 5, pts. 1 &amp; 2.</subfield>
         <subfield code="t">The late Minoan IIIA:I and II settlements /</subfield>
         <subfield code="r">with main contributions by Birgitta P. Hallager &amp; Erik Hallager.</subfield>
      </datafield>
      <datafield tag="651" ind1=" " ind2="0">
         <subfield code="a">Kastellion (Greece)</subfield>
         <subfield code="x">Antiquities.</subfield>
      </datafield>
      <datafield tag="650" ind1=" " ind2="0">
         <subfield code="a">Excavations (Archaeology)</subfield>
         <subfield code="z">Greece</subfield>
         <subfield code="z">Kastellion.</subfield>
      </datafield>
      <datafield tag="651" ind1=" " ind2="7">
         <subfield code="a">Kydonia.</subfield>
         <subfield code="2">pleiades</subfield>
         <subfield code="0">https://pleiades.stoa.org/places/589886</subfield>
      </datafield>
      <datafield tag="650" ind1=" " ind2="7">
         <subfield code="a">Antiquities.</subfield>
         <subfield code="2">fast</subfield>
         <subfield code="0">(OCoLC)fst00810745</subfield>
      </datafield>
      <datafield tag="650" ind1=" " ind2="7">
         <subfield code="a">Excavations (Archaeology)</subfield>
         <subfield code="2">fast</subfield>
         <subfield code="0">(OCoLC)fst00917564</subfield>
      </datafield>
      <datafield tag="651" ind1=" " ind2="7">
         <subfield code="a">Greece</subfield>
         <subfield code="z">Kastellion.</subfield>
         <subfield code="2">fast</subfield>
         <subfield code="0">(OCoLC)fst01204801</subfield>
      </datafield>
      <datafield tag="700" ind1="1" ind2=" ">
         <subfield code="a">Åström, Paul,</subfield>
         <subfield code="e">former owner.</subfield>
         <subfield code="5">NyNyUAW</subfield>
      </datafield>
      <datafield tag="740" ind1="0" ind2=" ">
         <subfield code="a">Åström Collection.</subfield>
         <subfield code="5">NyNyUAW</subfield>
      </datafield>
      <datafield tag="700" ind1="1" ind2=" ">
         <subfield code="a">Hallager, Erik.</subfield>
      </datafield>
      <datafield tag="700" ind1="1" ind2=" ">
         <subfield code="a">Hallager, B. P.</subfield>
         <subfield code="q">(Birgit P.)</subfield>
      </datafield>
      <datafield tag="700" ind1="1" ind2=" ">
         <subfield code="a">Hahn, Margrete.</subfield>
      </datafield>
      <datafield tag="700" ind1="1" ind2=" ">
         <subfield code="a">Andreadaki-Blasaki, Maria.</subfield>
      </datafield>
      <datafield tag="776" ind1="0" ind2="8">
         <subfield code="i">Online version:</subfield>
         <subfield code="t">Greek-Swedish excavations at the Agia Aikaterini Square Kastelli, Khania, 1970-1987.</subfield>
         <subfield code="d">Stockholm : [s.n.] ; Jonsered, Sweden : Distributor, Paul Åströms Förlag, 1997</subfield>
         <subfield code="w">(OCoLC)609308368</subfield>
      </datafield>
      <datafield tag="830" ind1=" " ind2="0">
         <subfield code="a">Skrifter utgivna av Svenska institutet i Athen.</subfield>
         <subfield code="p">4o ;</subfield>
         <subfield code="v">47.</subfield>
         <subfield code="x">0586-0539</subfield>
      </datafield>
      <datafield tag="OWN" ind1=" " ind2=" ">
         <subfield code="a">GENERAL</subfield>
      </datafield>
      <datafield tag="AVA" ind1=" " ind2=" ">
         <subfield code="a">NYU50</subfield>
         <subfield code="b">BOBST</subfield>
         <subfield code="c">Main Collection</subfield>
         <subfield code="d">DF221.C8 G74 1997 Oversize</subfield>
         <subfield code="e">available</subfield>
         <subfield code="t">Available</subfield>
         <subfield code="f">1</subfield>
         <subfield code="g">0</subfield>
         <subfield code="h">Y</subfield>
         <subfield code="i">0</subfield>
         <subfield code="j">MAIN</subfield>
         <subfield code="k">0</subfield>
      </datafield>
      <datafield tag="AVA" ind1=" " ind2=" ">
         <subfield code="a">NYU50</subfield>
         <subfield code="b">NIFA</subfield>
         <subfield code="c">Main Collection</subfield>
         <subfield code="d">DF221.C8 G74 1997 Non-circulating</subfield>
         <subfield code="e">available</subfield>
         <subfield code="t">Available</subfield>
         <subfield code="f">3</subfield>
         <subfield code="g">0</subfield>
         <subfield code="h">Y</subfield>
         <subfield code="i">0</subfield>
         <subfield code="j">MAIN</subfield>
         <subfield code="k">0</subfield>
      </datafield>
      <datafield tag="AVA" ind1=" " ind2=" ">
         <subfield code="a">NYU50</subfield>
         <subfield code="b">NISAW</subfield>
         <subfield code="c">Oversize Collection</subfield>
         <subfield code="d">DF221.C8 G74 1997 Non-circulating</subfield>
         <subfield code="e">available</subfield>
         <subfield code="t">Available</subfield>
         <subfield code="f">6</subfield>
         <subfield code="g">0</subfield>
         <subfield code="h">Y</subfield>
         <subfield code="i">0</subfield>
         <subfield code="j">OVERZ</subfield>
         <subfield code="k">0</subfield>
      </datafield>
      <marc:datafield tag="852" ind1=" " ind2=" ">
         <marc:subfield code="b">Institute for the Study of the Ancient World, </marc:subfield>
         <marc:subfield code="c">Oversize Collection</marc:subfield>
         <marc:subfield code="e">15 East 84th St., </marc:subfield>
         <marc:subfield code="e">New York, NY  10028</marc:subfield>
      </marc:datafield>
   </record>