
  
  
  
  
  
  
  
  
  
 
  
  <record xsi:schemaLocation="http://www.loc.gov/MARC21/slim http://www.loc.gov/standards/marcxml/schema/MARC21slim.xsd">
      <leader>00000cam a2200553 i 4500</leader>
      <controlfield tag="FMT">BK</controlfield>
      <controlfield tag="LDR">00000cam a2200553 i 4500</controlfield>
      <controlfield tag="001">005687698</controlfield>
      <controlfield tag="003">OCoLC</controlfield>
      <controlfield tag="005">20170831160427.0</controlfield>
      <controlfield tag="008">170831m20179999mau      b    001 0 eng c</controlfield>
      <datafield tag="010" ind1=" " ind2=" ">
         <subfield code="a">2016957656</subfield>
      </datafield>
      <datafield tag="020" ind1=" " ind2=" ">
         <subfield code="a">9780674996465</subfield>
         <subfield code="q">(volume 1)</subfield>
      </datafield>
      <datafield tag="020" ind1=" " ind2=" ">
         <subfield code="a">0674996461</subfield>
         <subfield code="q">(volume 1)</subfield>
      </datafield>
      <datafield tag="035" ind1=" " ind2=" ">
         <subfield code="a">(OCoLC)959649978</subfield>
         <subfield code="z">(OCoLC)980909807</subfield>
      </datafield>
      <datafield tag="040" ind1=" " ind2=" ">
         <subfield code="a">YDX</subfield>
         <subfield code="b">eng</subfield>
         <subfield code="e">rda</subfield>
         <subfield code="c">YDX</subfield>
         <subfield code="d">OCLCQ</subfield>
         <subfield code="d">BDX</subfield>
         <subfield code="d">STU</subfield>
         <subfield code="d">CIN</subfield>
         <subfield code="d">IAL</subfield>
         <subfield code="d">HCD</subfield>
         <subfield code="d">BNG</subfield>
         <subfield code="d">ZLM</subfield>
         <subfield code="d">HTM</subfield>
         <subfield code="d">UXG</subfield>
         <subfield code="d">UBY</subfield>
         <subfield code="d">OBE</subfield>
         <subfield code="d">GSU</subfield>
         <subfield code="d">QCL</subfield>
         <subfield code="d">OCLCO</subfield>
         <subfield code="d">OCLCF</subfield>
         <subfield code="d">OCLCA</subfield>
      </datafield>
      <datafield tag="041" ind1="1" ind2=" ">
         <subfield code="a">eng</subfield>
         <subfield code="a">grc</subfield>
         <subfield code="h">grc</subfield>
      </datafield>
      <datafield tag="042" ind1=" " ind2=" ">
         <subfield code="a">pcc</subfield>
      </datafield>
      <datafield tag="050" ind1=" " ind2="4">
         <subfield code="a">PA3874.A7</subfield>
         <subfield code="b">E5 2017</subfield>
      </datafield>
      <datafield tag="050" ind1=" " ind2="4">
         <subfield code="a">PA3612.A7</subfield>
         <subfield code="b">O7 2017</subfield>
      </datafield>
      <datafield tag="079" ind1=" " ind2=" ">
         <subfield code="a">(OCoLC)959649978</subfield>
      </datafield>
      <datafield tag="082" ind1="0" ind2="4">
         <subfield code="a">885.01</subfield>
         <subfield code="2">23</subfield>
      </datafield>
      <datafield tag="100" ind1="1" ind2=" ">
         <subfield code="a">Aristides, Aelius,</subfield>
         <subfield code="e">author.</subfield>
      </datafield>
      <datafield tag="245" ind1="1" ind2="0">
         <subfield code="a">Orations /</subfield>
         <subfield code="c">Aelius Aristides ; edited and translated by Michael Trapp.</subfield>
      </datafield>
      <datafield tag="246" ind1="3" ind2=" ">
         <subfield code="a">Aelius Aristides, Orations</subfield>
      </datafield>
      <datafield tag="264" ind1=" " ind2="1">
         <subfield code="a">Cambridge, Massachusetts ;</subfield>
         <subfield code="a">London, England :</subfield>
         <subfield code="b">Harvard University Press,</subfield>
         <subfield code="c">2017-</subfield>
      </datafield>
      <datafield tag="264" ind1=" " ind2="4">
         <subfield code="c">©2017-</subfield>
      </datafield>
      <datafield tag="300" ind1=" " ind2=" ">
         <subfield code="a">volumes ;</subfield>
         <subfield code="c">17 cm.</subfield>
      </datafield>
      <datafield tag="336" ind1=" " ind2=" ">
         <subfield code="a">text</subfield>
         <subfield code="b">txt</subfield>
         <subfield code="2">rdacontent</subfield>
      </datafield>
      <datafield tag="337" ind1=" " ind2=" ">
         <subfield code="a">unmediated</subfield>
         <subfield code="b">n</subfield>
         <subfield code="2">rdamedia</subfield>
      </datafield>
      <datafield tag="338" ind1=" " ind2=" ">
         <subfield code="a">volume</subfield>
         <subfield code="b">nc</subfield>
         <subfield code="2">rdacarrier</subfield>
      </datafield>
      <datafield tag="490" ind1="1" ind2=" ">
         <subfield code="a">Aelius Aristides ;</subfield>
         <subfield code="v">I</subfield>
      </datafield>
      <datafield tag="490" ind1="1" ind2=" ">
         <subfield code="a">Loeb classical library ;</subfield>
         <subfield code="v">LCL 533</subfield>
      </datafield>
      <datafield tag="504" ind1=" " ind2=" ">
         <subfield code="a">Includes bibliographical references and index.</subfield>
      </datafield>
      <datafield tag="505" ind1="1" ind2="0">
         <subfield code="g">Vol. I.</subfield>
         <subfield code="t">Orations.</subfield>
         <subfield code="t">Panathenaic oration --</subfield>
         <subfield code="t">A reply to Plato</subfield>
      </datafield>
      <datafield tag="520" ind1=" " ind2=" ">
         <subfield code="a">"Publius Aelius Aristides Theodorus was among the most celebrated authors of the Second Sophistic and an important figure in the transmission of Hellenism. Born to wealthy landowners in Mysia in 117, he studied in Athens and Pergamum before he fell chronically ill in the early 140s and retreated to Pergamum's healing shrine of Asclepius. By 147 Aristides was able to resume his public activities and pursue a successful oratorical career. Based at his family estate in Smyrna, he traveled between bouts of illness and produced speeches and lectures, declamations on historical themes, polemical works, prose hymns, and various essays, all of it displaying deep and creative familiarity with the classical literary heritage. He died between 180 and 185. This edition of Aristides, new to the Loeb Classical Library, offers fresh translations and texts based on the critical editions of Lenz-Behr (Orations 1-16) and Keil (Orations 17-53). Volume I contains the Panathenaic Oration, a historical appreciation of classical Athens and Aristides' most influential work, and A Reply to Plato, the first of three essays taking issue with the attack on orators and oratory delivered in Plato's Gorgias." -- Publisher's description</subfield>
      </datafield>
      <datafield tag="546" ind1=" " ind2=" ">
         <subfield code="a">Parallel texts in ancient Greek and English.</subfield>
      </datafield>
      <datafield tag="650" ind1=" " ind2="0">
         <subfield code="a">Oratory, Ancient</subfield>
         <subfield code="v">Early works to 1800.</subfield>
      </datafield>
      <datafield tag="650" ind1=" " ind2="7">
         <subfield code="a">Oratory, Ancient.</subfield>
         <subfield code="2">fast</subfield>
         <subfield code="0">(OCoLC)fst01047223</subfield>
      </datafield>
      <datafield tag="655" ind1=" " ind2="7">
         <subfield code="a">Early works.</subfield>
         <subfield code="2">fast</subfield>
         <subfield code="0">(OCoLC)fst01411636</subfield>
      </datafield>
      <datafield tag="700" ind1="1" ind2=" ">
         <subfield code="a">Trapp, Michael B.,</subfield>
         <subfield code="e">editor,</subfield>
         <subfield code="e">translator.</subfield>
      </datafield>
      <datafield tag="700" ind1="1" ind2="2">
         <subfield code="i">Container of (expression):</subfield>
         <subfield code="a">Aristides, Aelius.</subfield>
         <subfield code="t">Orationes.</subfield>
         <subfield code="l">English.</subfield>
         <subfield code="s">(Trapp)</subfield>
      </datafield>
      <datafield tag="700" ind1="1" ind2="2">
         <subfield code="i">Container of (expression):</subfield>
         <subfield code="a">Aristides, Aelius.</subfield>
         <subfield code="t">Orationes.</subfield>
         <subfield code="l">Greek.</subfield>
         <subfield code="s">(Trapp)</subfield>
      </datafield>
      <datafield tag="800" ind1="1" ind2=" ">
         <subfield code="a">Aristides, Aelius.</subfield>
         <subfield code="t">Works.</subfield>
         <subfield code="l">English</subfield>
         <subfield code="s">(Loeb classical library).</subfield>
         <subfield code="f">2017 ;</subfield>
         <subfield code="v">1-</subfield>
      </datafield>
      <datafield tag="800" ind1="1" ind2=" ">
         <subfield code="a">Aristides, Aelius.</subfield>
         <subfield code="t">Works.</subfield>
         <subfield code="l">Greek</subfield>
         <subfield code="s">(Loeb classical library).</subfield>
         <subfield code="f">2017 ;</subfield>
         <subfield code="v">1-</subfield>
      </datafield>
      <datafield tag="830" ind1=" " ind2="0">
         <subfield code="a">Loeb classical library ;</subfield>
         <subfield code="v">533.</subfield>
      </datafield>
      <datafield tag="994" ind1=" " ind2=" ">
         <subfield code="a">Z0</subfield>
         <subfield code="b">ZYU</subfield>
      </datafield>
      <datafield tag="OWN" ind1=" " ind2=" ">
         <subfield code="a">GENERAL</subfield>
      </datafield>
      <datafield tag="AVA" ind1=" " ind2=" ">
         <subfield code="a">NYU50</subfield>
         <subfield code="b">NISAW</subfield>
         <subfield code="c">Reference 3 Collection</subfield>
         <subfield code="d">Loeb Greek Aristides Non-circulating</subfield>
         <subfield code="e">available</subfield>
         <subfield code="t">Available</subfield>
         <subfield code="f">1</subfield>
         <subfield code="g">0</subfield>
         <subfield code="h">Y</subfield>
         <subfield code="i">0</subfield>
         <subfield code="j">REF3</subfield>
         <subfield code="k">8</subfield>
      </datafield>
      <marc:datafield tag="852" ind1=" " ind2=" ">
         <marc:subfield code="b">Institute for the Study of the Ancient World, </marc:subfield>
         <marc:subfield code="c">Reference 3 Collection</marc:subfield>
         <marc:subfield code="e">15 East 84th St., </marc:subfield>
         <marc:subfield code="e">New York, NY  10028</marc:subfield>
      </marc:datafield>
   </record>